4260 5686
878 422 1103 500 CAPUT
1172 422 1258 499 vn.
1703 422 1791 506 479

270 616 337 693 nit.
403 614 465 690 Ita
498 613 529 691 ai
564 614 611 689 de
644 611 892 697 soliditates
926 611 1129 714 superficie
1160 612 1307 692 inclusa
1339 613 1391 694 sit
1422 610 1624 711 quaestio,
1668 612 1750 714 ejus
1783 612 1861 691 ele·

270 755 443 821 mentum
477 739 553 817 erit
585 764 648 819 ..··.·.
663 732 834 839 mano,
867 739 1032 838 ideoque
1065 751 1148 818 tota
1182 738 1351 818 soliditas
1384 729 1697 838 :sszdxdw
1734 736 1767 816 si
1799 762 1863 817 su·

270 868 452 972 perficies
493 869 582 968 ipsa·
610 880 848 964 quaeratur,
896 866 1024 967 posito
1065 860 1119 948 dz
1133 859 1293 965 :pdn
1322 878 1370 964 -l-
1387 856 1510 965 ρ’ὸμ,
1559 865 1631 944 erit
1670 865 1752 967 ejus
1784 864 1861 945 ele·

268 1006 440 1077 mentum
474 994 564 1071 huic
597 994 821 1096 rectangulo
854 987 979 1091 dxay
1012 993 1213 1071 imminens

500 1212 564 1269 -τ-
595 1176 784 1294 dabar!
815 1199 856 1281 (1
904 1203 961 1309 ηε
988 1213 1041 1288 vv
1078 1205 1138 1286 -l-
1166 1182 1294 1290 vis),

269 1382 435 1481 ideoque
466 1378 553 1483 ipsa
586 1378 810 1481 superficies

500 1591 563 1650 Ξ
586 1572 655 1674 ss
662 1566 783 1675 &aaa
815 1560 861 1683 vs
890 1584 934 1668 <1
973 1574 1039 1674 -l-
1064 1599 1117 1676 vv
1149 1576 1215 1673 ψ
1244 1562 1376 1674 avo,

272 1786 324 1841 ex
368 1787 446 1863 quo
495 1765 708 1865 generatim
755 1764 975 1868 intelligitur
1021 1765 1124 1843 ratio
1172 1764 1361 1841 formulae
1401 1763 1599 1869 integralis
1647 1763 1867 1866 duplicatae

264 1892 349 1990 ss
363 1882 586 1990 dedy.
653 1892 769 1986 Quod
813 1892 845 1971 si
878 1894 961 1994 jam
1010 1891 1096 1969 talis
1138 1890 1326 1969 formulae
1365 1892 1474 1968 valor
1519 1907 1754 1993 quaeratur,
1803 1889 1868 1989 qui

273 2017 377 2096 dato
401 2017 527 2120 spatio
561 2018 599 2095 in
633 2020 717 2097 baai
750 2018 869 2096 veluti
903 2017 1071 2094 ADYX
1103 2018 1354 2116 respondeat,
1388 2019 1513 2115 primo
1549 2016 1676 2096 sumta
1706 2043 1739 2094 x
1773 2039 1868 2094 con·

276 2156 403 2243 stema
436 2145 685 2248 investigetur
718 2145 907 2248 integrale
941 2144 1104 2245 simplex
1126 2144 1283 2244 My,
1333 2165 1381 2220 ac
1413 2156 1495 2223 tum
1528 2144 1617 2247 ipsi,
1633 2167 1663 2242 y
1695 2141 1868 2246 assigne-

245 2282 339 2377 tur
369 2272 600 2375 magnitudo·
624 2273 699 2348 XY
735 2275 783 2350 ad
817 2296 976 2349 curvam
1010 2271 1084 2347 DY
1117 2290 1324 2374 porrecta,
1369 2295 1468 2370 quae
1502 2296 1550 2350 en
1583 2273 1691 2374 hujus
1725 2292 1870 2347 curvae

278 2412 416 2475 natum
459 2399 684 2500 aequabitur
729 2394 878 2478 certae
899 2397 1084 2477 functioni
1123 2398 1248 2500 ipsius·
1283 2422 1329 2474 x.
1397 2397 1457 2475 ste
1496 2397 1612 2498 igitur
1643 2390 1792 2496 dnsll
1807 2388 1870 2495 dy

281 2525 472 2627 exprimet
509 2528 695 2603 formulae
728 2526 955 2630 propositae
996 2525 1225 2603 elementum
1257 2526 1483 2626 rectangulo
1515 2516 1686 2602 XYn'cX‘
1702 2547 1765 2604 Ξ
1781 2514 1869 2623 yda

279 2654 541 2749 couveniens,
589 2655 696 2758 cujus
738 2655 927 2758 integrale
971 2653 1097 2731 denuo
1138 2663 1304 2730 sumtum
1336 2643 1589 2752 sdxsde
1629 2669 1671 2729 et
1705 2675 1754 2728 ex
1785 2649 1870 2730 sola

278 2781 453 2857 variabili
484 2798 517 2858 x
549 2793 761 2874 constans,
807 2783 966 2859 tandem
1000 2780 1107 2859 dabit
1127 2783 1311 2858 *valorem
1345 2779 1417 2856 toti
1451 2779 1574 2877 spatio
1607 2778 1755 2855 ADYX
1785 2799 1870 2856 res·

277 2909 541 3011 pondentem‚
591 2908 777 3009 siquidem
816 2924 978 3007 utraque
1003 2906 1230 3007 'integratio
1279 2904 1494 3008 adjectione
1542 2903 1752 2982 constantis
1798 2903 1871 2981 rite

202 3112 206 3123 ,
279 3038 566 3114 determinetur.
1352 3060 1356 3065 ’

877 3334 1175 3416 Scholion·
1235 3342 1275 3410 2'.

449 3552 551 3624 lod.
621 3547 682 3623 Ita
723 3570 765 3626 se
810 3552 954 3627 habere
993 3532 1109 3626 debet
1149 3546 1319 3625 evolutio
1360 3543 1575 3647 hujusmodi
1618 3540 1870 3619 formularum
1965 3636 1968 3641 Ι

280 3675 522 3778 integralium
555 3675 850 3773 duplicaturum,
885 3676 915 3756 si
951 3678 1009 3753 ad'
1035 3680 1205 3778 liguram·
1231 3675 1269 3751 in
1304 3672 1386 3751 basi
1420 3673 1550 3749 datam
1583 3668 1697 3746 veluti
1726 3667 1872 3745 ADYX

284 3802 398 3880 suerit
438 3805 797 3896 accommodanda3
845 3805 913 3882 sinn
940 3817 1070 3882 autern
1106 3821 1307 3902 utramque
1349 3800 1645 3902 integrationem
1678 3793 1880 3870 indefinite·

282 3928 463 4031 expedire
496 3928 688 4023 velimus,
725 3944 769 4006 ut
798 3931 926 4032 primo
960 3945 1084 4008 sumta
1117 3957 1151 4007 :a
1183 3939 1385 4008 constante
1420 3946 1650 4034 quaeramus
1683 3920 1871 4022 integrale

273 4048 415 4160 slldy',
447 4058 551 4156 quod
583 4057 810 4157 rectangulo
844 4057 1068 4149 elementari
1100 4049 1267 4156 XYyX'
1281 4077 1344 4133 :2
1360 4044 1447 4152 yda
1482 4049 1689 4131 convenire
1722 4058 1782 4125 est
1813 4045 1871 4121 in·

279 4184 554 4288 telligendum,
603 4182 789 4281 siquidem
829 4182 868 4260 in
900 4176 967 4268 dx
1000 4186 1190 4276 ducatur,
1238 4179 1377 4260 deinde
1409 4202 1503 4258 vero
1541 4179 1581 4254 in
1613 4172 1872 4277 integratione

281 4312 468 4390 tbrmulae
491 4304 725 4410 sdxslldy
763 4311 1014 4409 quantitatem
1048 4334 1156 4410 y:
1171 4310 1247 4387 ΧΥ
1281 4310 1443 4387 eandem
1487 4290 1644 4391 manere
1678 4300 1873 4404 concipia-

287 4464 402 4536 mus,
448 4440 534 4518 sola
564 4464 599 4514 x
638 4464 712 4540 pro
746 4436 922 4516 variabili
958 4453 1116 4533 sumta,
1164 4452 1245 4515 tum
1287 4436 1398 4516 valor
1438 4432 1608 4536 prodibit
1647 4428 1873 4533 rectangulo

279 4565 477 4649 indefinito
527 4565 709 4643 ΑΡΥΧ
742 4588 804 4646 ·..·
833 4591 868 4642 a
883 4588 922 4664 p·
951 4567 1219 4668 respondens,
1269 4563 1301 4645 si
1350 4562 1503 4665 quidem
1545 4571 1770 4643 constantes
1800 4577 1874 4656 per
