4260 5686
859 432 1086 546 curor
1157 384 1289 513 ir'

842 617 1270 710 Scholion.

434 845 534 917 los.
602 828 795 932 Quoniam
834 828 960 909 binae
990 824 1197 906 variabiles
1237 847 1272 898 :c
1302 843 1404 926 ety
1442 846 1603 930 prorsus
1650 847 1676 901 a
1716 848 1763 904 se
1803 827 1854 906 in·

263 969 389 1048 vicem
428 992 507 1045 non
546 965 744 1066 pendent,
794 958 848 1034 its
885 968 928 1032 ut
968 954 1093 1032 altera
1129 953 1228 1030 adeo
1269 952 1433 1030 eundem
1472 956 1648 1036 valorem
1688 955 1853 1035 retinere

264 1109 407 1199 queat,
456 1096 548 1170 dum
579 1091 702 1169 altera
741 1111 813 1188 per
854 1104 988 1163 omnes
1027 1081 1181 1159 valores
1211 1077 1414 1181 possibiles
1450 1081 1649 1174 vadatur,
1697 1081 1852 1162 evidens

265 1253 356 1335 est,
403 1235 618 1342 hujusmodi
663 1232 867 1312 formulam
917 1227 1211 1305 differentialem
1250 1190 1329 1347 ἐξ,
1375 1231 1519 1333 quippe
1568 1253 1672 1330 qnae
1713 1231 1852 1309 nnllun

264 1393 380 1497 plane
421 1386 677 1490 significatum
720 1391 867 1454 certum
908 1388 1011 1454 esset
1051 1377 1257 1497 habitura,
1303 1375 1342 1451 in
1385 1378 1533 1457 calculo
1570 1381 1774 1481 nunqubm
1804 1381 1852 1461 lo·

268 1543 358 1599 cum
389 1513 561 1592 invenire
601 1531 732 1612 posse.
800 1505 949 1580 Contra
989 1526 1083 1582 vero
1116 1529 1206 1584 curn
1239 1502 1435 1603 quantitas
1471 1531 1499 1582 z
1536 1506 1587 1584 sit
1619 1507 1768 1588 iunctio
1797 1507 1851 1610 ip·

266 1673 398 1742 aarum
429 1685 462 1736 cc
495 1669 534 1735 et
565 1675 595 1754 y
611 1711 626 1749 ,
671 1656 744 1728 hae
778 1649 966 1727 formulae
1001 1617 1115 1771 (ἐξ),
1168 1616 1252 1781 (ἓξ)
1301 1669 1342 1726 et
1381 1650 1552 1751 reliquae
1592 1678 1731 1733 omnes
1763 1679 1849 1756 quas

267 1829 384 1910 supra
415 1827 500 1884 sum
533 1800 844 1903 contemplatus,
894 1799 1071 1877 definitos
1109 1798 1254 1875 habent
1284 1795 1547 1901 significatus,
1597 1827 1728 1902 neque
1758 1803 1850 1881 ullae

267 1935 365 2012 aliae
397 1930 438 2008 in
470 1931 658 2009 calculum
692 1925 841 2028 ingredi
874 1939 1050 2026 possunt.
1087 1925 1267 2003 ocinus
1302 1922 1391 2024 quia
1424 1951 1578 2030 semper
1611 1929 1850 2030 quaestiones

264 2063 340 2141 huo
374 2059 612 2161 pertinentes
652 2080 700 2133 eo
741 2051 930 2131 reducere
968 2052 1087 2142 lieet,
1134 2061 1177 2128 ut
1211 2078 1239 2130 z
1278 2064 1461 2152 tanquam
1502 2057 1648 2135 functio
1681 2057 1850 2135 binarum

267 2233 300 2283 x
333 2224 433 2306 ety
475 2201 645 2305 spectari
688 2199 841 2303 possit,
887 2195 1076 2304 ejusmodi
1114 2197 1303 2275 formulae
1338 2164 1459 2322 (ἐξ),
1504 2206 1569 2284 nbi
1598 2188 1849 2306 ⁸quantinus

266 2366 371 2434 esset
400 2376 475 2456 pro
507 2347 702 2428 constanti
738 2348 899 2442 habita,
947 2346 1036 2422 hinc
1069 2370 1230 2449 prorsus
1263 2346 1543 2441 excluduntur,
1592 2374 1725 2450 neque
1756 2350 1850 2432 ullae

268 2480 367 2561 alise
397 2476 556 2582 p'raeter
599 2499 717 2576 supra
757 2489 994 2552 memoratas
1033 2473 1074 2551 in
1113 2474 1263 2552 calculo
1307 2473 1455 2551 admitti
1493 2489 1582 2554 sunt
1615 2479 1853 2568 censendae,

266 2610 398 2709 sicque
440 2626 576 2683 omnes
616 2602 886 2704 expressiones
932 2625 957 2677 a
1000 2601 1169 2679 formulis
1216 2601 1466 2703 integralibus
1513 2602 1658 2681 liberae
1701 2617 1852 2708 praeter

265 2735 373 2837 ipsas
414 2730 620 2811 variabiles
659 2752 712 2820 sc,
744 2750 792 2827 y,
824 2753 851 2804 z
896 2728 992 2805 alias
1034 2728 1217 2807 formulas
1257 2727 1529 2807 differentiales
1570 2755 1650 2808 non
1683 2732 1851 2833 implica·

253 2864 363 2941 ‚bunt
392 2869 550 2963 praeter
582 2881 678 2947 eas,
722 2878 883 2955 quarum
916 2853 1149 2932 variationes
1182 2854 1245 2932 hio
1278 2869 1369 2935 sunt
1399 2855 1603 2936 indicatae.

828 3134 1146 3214 Problema
1208 3145 1285 3216 ts.

435 3363 542 3441 154.
607 3356 645 3436 Si
676 3381 703 3434 z
737 3358 786 3437 sit
819 3356 965 3437 structio
998 3358 1171 3461 ipsarum
1203 3383 1236 3434 x
1266 3368 1307 3437 et
1336 3377 1384 3462 y,
1423 3357 1534 3460 eique
1565 3356 1758 3439 tribuatur
1790 3384 1857 3441 va·

268 3482 382 3562 riatio
414 3471 471 3564 δι
509 3493 701 3585 utcunque
743 3488 792 3562 ab
823 3511 857 3560 m
890 3497 989 3586 ety
1027 3488 1228 3589 pendens,
1276 3497 1356 3564 tum
1384 3510 1480 3565 vero
1521 3485 1637 3564 fuerit
1658 3471 1706 3565 ‚v
1735 3512 1857 3591 qusn-

268 3608 360 3691 titas
390 3611 737 3708 quomodocunque
780 3637 827 3689 ex
860 3611 980 3689 tribus
1016 3612 1263 3692 variabilibns
1301 3639 1353 3710 x,
1385 3637 1433 3716 y,
1466 3638 1494 3692 z
1533 3637 1745 3717 earumque
1787 3617 1860 3694 dis·

268 3735 528 3814 ferentialibus
579 3738 840 3842 cujuscunque
887 3738 1033 3818 ordinis
1080 3738 1322 3843 composita,
1370 3744 1451 3846 ejus
1503 3741 1760 3823 variationem
1798 3726 1861 3822 dl

184 3966 189 3974 ί
268 3861 522 3969 inrndgare„

889 4145 1240 4226 Salutio.

427 4332 477 4411 Ut
508 4335 548 4412 in
581 4334 896 4440 expressionel
937 4292 1091 4442 speeies
1124 4309 1447 4425 differentialium
1473 4337 1687 4433 tollantur,
1738 4364 1866 4443 pons·

238 4485 354 4544 mus
386 4480 430 4540 ut
461 4464 648 4545 hactenus
679 4465 839 4548 fecimus
