4260 5686
325 451 413 524 1122
873 430 1095 514 CAPUT
1160 430 1230 506 III.

387 627 447 716 dv
467 617 1014 724 :de4Ndy÷Pdp
1033 611 1723 725 ÷Qoq÷1tar÷ses÷eue

263 804 449 882 formulae
483 795 680 898 integralis
705 778 830 909 [de
861 793 1112 879 variationem
1146 818 1194 868 ex
1227 791 1419 890 utriusque
1454 790 1666 867 variabilis·
1685 813 1720 865 x
1755 799 1797 863 ct
1827 809 1855 883 y

262 927 477 1007 variatione
509 947 642 1001 natam
675 924 726 998 ita
761 921 1004 1021 exprimere,
1049 937 1090 996 ut
1123 931 1212 1022 post
1243 918 1391 1021 signum
1424 919 1610 1018 integrale
1645 917 1755 992 nulla
1791 941 1853 990 oc·

264 1068 421 1134 currunt
453 1051 704 1129 variationum
737 1049 1016 1126 differentialis.

942 1358 1178 1436 solutio.

424 1557 470 1632 In
512 1552 721 1632 corollariis
763 1552 1032 1652 praecedentis
1080 1555 1329 1652 problematis
1365 1558 1446 1659 jam
1497 1557 1625 1634 omnia
1669 1557 1726 1633 ita
1768 1571 1853 1634 sunt

266 1691 316 1769 ad
349 1693 450 1764 hunc
483 1707 643 1783 scopum
678 1695 943 1779 praeparata,
984 1692 1026 1754 ut
1058 1679 1148 1754 nihil
1184 1683 1284 1757 aliud
1315 1709 1410 1781 opus
1444 1684 1519 1778 sit,
1557 1684 1628 1762 nisi
1664 1685 1853 1760 transfor·

266 1816 454 1892 mationes
488 1811 722 1912 singularum
755 1807 921 1906 partium
955 1805 992 1880 in
1026 1807 1197 1883 ordinem
1232 1811 1481 1910 redigantur,
1518 1837 1594 1909 quo
1629 1825 1752 1912 pacto
1787 1813 1880 1909 du·—

267 1943 378 2045 plicis
411 1937 562 2041 generis
594 1947 726 2038 partes
761 1934 1006 2024 obtinentur;
1045 1959 1122 2007 uno
1156 1937 1375 2013 continente
1410 1939 1593 2015 formulas
1627 1937 1856 2040 integrales,

271 2093 369 2170 quas
401 2066 554 2166 quidem
587 2083 721 2140 omnes
746 2061 791 2170 in
825 2061 987 2135 eandem
1021 2082 1207 2137 summam
1242 2064 1422 2166 colligere
1457 2063 1563 2156 licet,
1605 2068 1732 2142 altero
1763 2090 1857 2171 par·

273 2214 331 2276 tes
368 2192 562 2271 absolutas
597 2213 693 2289 quas
727 2187 780 2263 ita
814 2187 852 2262 in
886 2188 1061 2263 membra
1092 2189 1385 2282 distribuemus,
1432 2206 1474 2267 ut
1506 2195 1718 2271 secundum
1754 2190 1860 2293 ipsas

268 2322 503 2409 variationes
543 2301 600 2393 dx
631 2330 672 2393 et
702 2297 756 2414 dy
793 2339 1002 2411 earumque
1043 2315 1310 2392 differentialis
1347 2319 1528 2420 cujusque
1572 2321 1718 2421 gradus
1765 2344 1858 2420 pro·

272 2453 423 2528 cedant.
487 2443 623 2524 Posita
654 2458 784 2518 autem
816 2441 1017 2519 brevitatis
1051 2441 1177 2544 gratia
1210 2445 1373 2523 formula
1406 2428 1619 2544 dy-pdx
1638 2472 1702 2526 z
1721 2473 1754 2527 ω
1793 2472 1862 2524 rs-

269 2577 380 2655 riatio
414 2573 589 2677 quaesita
621 2571 674 2647 ita
706 2594 748 2648 sc
782 2568 938 2647 habebit

270 2721 1868 2885 ssvaazsasaetu-g-{s-a-ssagg-‡a.‡a.}{÷g-xa;3a.‡a3{.-etc.)

1130 2921 1157 2975 R

345 3033 347 3039 .
442 2910 1714 3092 ᾗΥδωψω(Ρ-Ξὲψέῑὸιὲῑ-δξὸ.ἐῑὸ.ξξψεῑρ.)
1824 2916 1835 2933 ’

277 3725 383 3824 cujus
425 3721 574 3797 formae
615 3718 761 3796 indoles
799 3744 846 3795 ex
886 3720 971 3798 sola
1003 3719 1242 3818 inspectione
1284 3713 1411 3793 statim
1448 3727 1505 3792 est
1537 3714 1782 3807 manifesta,
1834 3731 1878 3792 ut

276 3847 440 3927 uberiori
474 3845 725 3943 illustratione
757 3870 834 3925 non
867 3845 917 3924 sit
948 3870 1056 3948 opus.

809 4105 1222 4184 Corollarium
1291 4112 1331 4181 3.

445 4315 516 4389 86.
584 4311 695 4387 Haec
731 4311 927 4410 expressio
958 4314 1077 4390 multo
1110 4311 1319 4412 simplicior
1352 4309 1534 4401 redditur,
1566 4308 1598 4384 si
1631 4308 1880 4388 elementum

280 4429 339 4518 dx
379 4436 553 4537 capiatur
594 4448 806 4530 constans,
853 4462 931 4535 quo
971 4439 1123 4538 quidem
1166 4439 1376 4540 amplitudo
1417 4434 1675 4536 expressionis
1723 4461 1878 4536 nequa·

283 4587 398 4663 quam
431 4565 701 4668 restringitur,
751 4576 831 4641 turn
864 4564 964 4645 enirn
997 4568 1062 4644 liet
