4260 5686
337 462 423 538 29·ss
891 440 1145 527 CAPUT·
1177 443 1229 520 ll.

383 726 386 731 -
493 631 1750 789 Pz-s-Qssz÷R(}²)÷8(3²)÷T(324)÷etc-0

271 851 334 928 abi
376 846 524 926 litterae
574 847 624 938 P,
657 843 713 938 Q,
743 841 798 935 tt,
832 840 877 939 8,
909 844 983 937 Τ,
1002 860 1076 923 etc.
1126 839 1344 920 functiones
1382 814 1568 920 deomant
1608 838 1870 949 quascunque

272 979 448 1056 binarum
479 968 716 1050 variabiliom
748 994 781 1048 a
814 983 854 1050 et
884 993 928 1071 y,
961 973 1137 1052 indolens
1159 967 1370 1082 metionis
1400 992 1428 1046 a
1459 971 1627 1052 definire.

937 1226 1029 1306 Sol
1046 1251 1070 1304 ιι
1088 1228 1129 1304 ti
1145 1252 1180 1304 o.

438 1385 577 1463 Cum
568 1409 606 1462 m
641 1380 829 1463 omnibus
852 1381 1170 1499 integratioalbus
1211 1379 1451 1493 instituendis
1483 1382 1675 1497 quantitas
1707 1399 1740 1480 y
1773 1403 1869 1480 per·
1907 1430 1912 1437 -

275 1526 392 1617 petuo
424 1527 466 1590 at
498 1529 678 1617 constans
711 1518 919 1625 spectetur,
949 1511 1048 1589 haec
1082 1506 1270 1621 aequatio
1296 1508 1398 1603 inter
1420 1509 1531 1607 duas
1538 1519 1698 1621 tantam
1732 1508 1870 1613 varia·

276 1624 369 1717 biles
401 1665 434 1715 rc
460 1648 505 1717 et
540 1665 567 1715 z
612 1637 826 1715 consistere
869 1646 929 1714 est
967 1637 1176 1723 censenda.
1241 1612 1374 1741 Quare
1411 1659 1484 1765 per
1523 1643 1737 1787 praccepta
1778 1631 1868 1711 libri

277 1764 388 1863 primi
411 1768 520 1847 haec
551 1765 756 1842 tractanda
787 1763 887 1843 erit
881 1762 1072 1863 aequatio

501 1901 1706 2059 P÷W÷ffi†ffl÷ffl÷m-o

277 2110 385 2210 cujus
415 2106 600 2186 resolutio
635 2105 668 2182 si
700 2106 913 2233 succedat,
959 2119 1107 2185 tantam
1143 2132 1270 2217 opus
1276 2119 1374 2214 est,
1411 2121 1453 2207 ιιιΙ
1484 2109 1571 2201 loco
1595 2103 1872 2233 eaurientium

277 2260 349 2335 per
382 2233 554 2337 singulas
596 2220 894 2335 integrationes
913 2216 1153 2312 invectarum
1193 2208 1414 2315 lunationes
1460 2202 1720 2332 quaecunque
1744 2228 1872 2333 ipsias

148 2427 152 2434 .
275 2386 326 2460 y
337 2361 585 2463 scribentum
621 2359 753 2460 sicque
783 2362 987 2475 habebitur
1017 2361 1206 2465 integrale
1239 2350 1511 2470 desideratum,
1542 2361 1656 2471 idque
1679 2358 1871 2459 comple·

278 2512 360 2564 runa
393 2482 577 2586 siquidem
611 2487 710 2564 hanc
744 2466 1012 2586 aequationem
1049 2488 1242 2592 complete
1274 2489 1469 2592 integrare
1501 2486 1661 2567 licuerit.

812 2790 1221 2904 corollarium
1293 2804 1331 2870 ι.

443 2979 546 3051 399.
613 2968 649 3044 Si
682 2993 777 3073 ergo
812 2969 960 3048 litterae
992 2972 1035 3068 P,
1062 2972 1112 3082 Q,
1145 2973 1193 3069 R,
1217 2975 1261 3068 S,
1295 2994 1372 3052 erc.
1403 2975 1480 3052 sint
1510 2983 1754 3064 constantes,
1804 2973 1874 3049 vel

279 3096 401 3172 solam
435 3094 659 3175 variabilem
690 3119 720 3195 y
752 3095 970 3189 involvant,
997 3101 1210 3203 'integratio
1243 3126 1397 3203 semper
1431 3101 1656 3193 succedit,
1681 3099 1872 3196 quoniam

279 3222 316 3296 in
349 3220 473 3320 primo
508 3221 605 3299 libro
640 3225 854 3325 hujusmodi
888 3227 1136 3324 aequationcs
1160 3229 1212 3347 in
1247 3230 1389 3330 genere
1421 3228 1615 3329 integrare
1648 3214 1870 3302 docuimus.

730 3518 736 3524 ,
811 3415 1216 3524 Corollarium
1283 3444 1331 3509 2.

306 3637 308 3641 ⁴
445 3618 548 3682 400
616 3610 766 3688 Deinde
801 3612 916 3688 edam
949 3612 1134 3690 resolutio
1167 3616 1338 3692 succedit
1371 3615 1479 3715 hujus
1512 3615 1748 3711 aequationis

445 3814 448 3819 ·
569 3751 1011 3907 Az÷Bx(}-²)÷Cx
1012 3752 1667 3910 )÷Dx(³¹‘)÷etc
1688 3797 1736 3880 ο,

282 3947 360 4027 sive
395 3948 634 4045 litteracll,
669 3953 731 4048 B,
769 3955 830 4048 C,
865 3967 939 4033 etc
988 3953 1063 4030 sint
1107 3967 1328 4035 constantes
1370 3953 1462 4032 sive
1494 3953 1752 4030 sanctiones
1742 3955 1874 4057 ipsius

279 4089 497 4172 ytantum.

819 4288 1220 4364 Caroli-arium
1289 4300 1328 4363 3.

445 4470 549 4536 tol.
615 4463 711 4541 Turn
744 4489 837 4543 vero
871 4467 985 4544 etiam
1018 4466 1051 4544 ai
1082 4471 1155 4543 hae
1190 4469 1338 4544 formae
1370 4488 1449 4544 non
1482 4466 1557 4542 sint
1592 4466 1771 4562 aequales
1810 4469 1872 4541 ni-

112 4648 114 4652 ,
233 4689 235 4693 Α
284 4583 385 4675 hilo,
432 4588 499 4662 sed
533 4589 717 4669 functioni
749 4591 957 4691 cuicunque
993 4595 1173 4694 ipsarum·
1196 4621 1229 4671 n
1262 4607 1301 4669 et
1332 4617 1360 4690 y
1394 4608 1630 4689 aequentur,
1680 4594 1873 4668 resolutio
