4260 5686
892 443 1119 520 CAPUT
1154 384 1255 520 ι[ΙΙ.

927 636 1223 717 Scholion

460 844 528 915 78.
594 827 923 921 Quemadmodum
964 853 1083 928 supra
1117 831 1379 923 ostendimus,
1428 828 1537 930 signa
1579 833 1878 913 differentiatio·

292 965 412 1056 ⁸3³3
447 987 533 1036 cum
567 960 676 1056 signo
710 957 930 1034 variationis
969 947 994 1040 δ
1033 951 1522 1057 expressioni'cuieunque
1561 966 1740 1060 praefixa
1774 963 1878 1041 iuter

294 1120 338 1172 ae
366 1116 441 1195 pro
472 1088 587 1164 lubitu
623 1085 829 1179 permutari
862 1109 1004 1183 posse,
1039 1084 1090 1159 ita
1124 1110 1224 1160 nune
1257 1085 1428 1161 videmus
1461 1087 1611 1188 signum
1644 1089 1878 1192 integratio·

293 1226 354 1298 nis
374 1223 417 1318 s
438 1240 522 1293 eum
555 1214 664 1314 signo
699 1212 920 1287 variationis
953 1197 977 1288 δ
1008 1210 1219 1311 permutari
1254 1219 1388 1311 posse,
1423 1238 1509 1289 eum
1542 1217 1592 1294 sit

509 1366 632 1498 asu
666 1365 897 1496 :ssu

291 1563 410 1655 Atque
449 1558 522 1628 hoo
560 1551 673 1627 etiam
716 1549 766 1627 ad
804 1551 1077 1652 integrationes
1116 1553 1299 1654 repetitas
1341 1565 1474 1654 patet,
1524 1570 1565 1630 ut
1606 1558 1636 1632 si
1671 1560 1877 1657 proposita

291 1685 403 1761 suerit
433 1680 518 1757 tah's
552 1680 716 1756 formula
741 1660 857 1792 ssW,
896 1685 977 1780 ejus
1011 1680 1172 1756 variatio
1207 1682 1263 1758 his
1296 1682 1417 1757 modis
1449 1684 1617 1759 exhiberi
1651 1689 1782 1784 possit

510 1832 666 1966 usu
700 1868 760 1925 ε
786 1829 951 1964 saur
987 1874 1048 1927 ε
1072 1833 1265 1965 suia

291 2030 446 2122 ideoque
487 2021 649 2096 variatio
700 2020 946 2094 formularum
997 2020 1238 2120 integralium
1290 2021 1338 2094 ad
1379 2021 1611 2101 variationes
1652 2033 1880 2128 expressio·

291 2178 378 2230 mnu
410 2149 548 2224 nullum
584 2148 747 2247 amplius
780 2147 1073 2248 integrationem
1107 2147 1378 2222 involventium
1412 2149 1641 2246 reducatur,
1683 2182 1763 2256 pro
1801 2163 1883 2257 qui.

292 2288 360 2359 bus
391 2274 625 2353 inveniendis
655 2274 734 2376 jam
770 2297 884 2374 supra
922 2260 1133 2375 praecepta
1166 2289 1253 2351 sunt
1290 2274 1442 2356 tradita.
1537 2294 1540 2299 ’

870 2554 1177 2630 Problema
1247 2559 1286 2630 6.

454 2777 523 2860 79.
589 2767 797 2867 Propositis
832 2771 1005 2846 binarum
1041 2767 1276 2844 variabilium
1311 2795 1341 2842 x
1375 2781 1413 2842 et
1446 2789 1473 2862 y
1510 2769 1791 2846 variationibus
1828 2761 1884 2856 dx

290 2918 329 2983 et
359 2886 436 3002 dy,
484 2898 513 2975 si
547 2896 679 2997 positis

510 3063 766 3170 ὸῃερόω,
816 3064 1083 3172 domna,
1133 3059 1395 3168 dqzrdx,
1447 3091 1521 3145 ero.

291 3250 400 3331 tuerit
433 3247 463 3319 V
498 3247 640 3323 functio
679 3272 928 3346 quaeeunque
962 3248 1214 3346 quantitatum
1248 3270 1291 3336 x,
1323 3269 1364 3341 y,
1393 3268 1434 3341 p,
1467 3271 1504 3345 q,
1539 3270 1572 3338 r,
1607 3259 1682 3326 ete,
1727 3250 1884 3327 formu.

292 3384 352 3462 iue
386 3375 580 3477 integralis
607 3358 733 3489 [de
765 3375 1016 3452 variationem
1051 3373 1294 3476 investigare.

956 3637 1197 3714 Solutio.

450 3827 572 3907 Modo
606 3826 766 3906 vidimus
797 3825 849 3937 (ᾗ.
890 3836 982 3920 77.)
1023 3828 1136 3931 hujus
1165 3828 1353 3904 formulae
1394 3824 1588 3927 integralis
1621 3828 1884 3908 variationem

289 3964 339 4043 tu
373 3957 554 4065 exprimi,
588 3969 628 4031 ut
660 3957 708 4036 sit

510 4085 657 4219 δμὼς
677 4129 737 4185 τ’.
757 4089 846 4181 Vdar
869 4150 920 4166 -
934 4089 1089 4224 sdde
1103 4087 1331 4217 †sdde.
1423 4191 1430 4203 ι

291 4282 374 4365 dum
412 4276 457 4355 od
496 4276 747 4353 variationem
781 4264 845 4357 dv
883 4278 1126 4367 elidendam,
1175 4301 1260 4353 eum
1295 4277 1343 4353 sit
1375 4277 1407 4350 V
1440 4272 1581 4350 functio
1615 4275 1885 4372 quantitatum

287 4436 331 4503 r,
365 4429 402 4511 y,
431 4427 470 4507 p,
506 4427 542 4503 u,
578 4428 612 4494 r,
647 4419 722 4482 ete.
758 4419 970 4483 statuamus
1002 4411 1082 4508 ejus
1116 4405 1366 4493 difi'erentiate
1399 4425 1487 4479 esse

511 4574 568 4661 ov
588 4597 648 4657 ;.·;
666 4566 768 4660 oux
787 4594 845 4675 ÷
861 4574 955 4677 non.
976 4592 1032 4660 ÷
1053 4539 1133 4672 rm
1155 4589 1211 4657 ψ
1231 4572 1400 4674 Quo-r
1415 4563 1499 4653 uox
1516 4575 1578 4669 ΔΓ
1598 4583 1672 4646 erc.
