4260 5686
333 459 421 530 500
706 449 969 527 EVOLUTIO
1005 446 1411 529 NONNULLARUM

190 674 198 689 ·
265 651 369 726 beat.
438 645 596 721 Etiamsi
630 635 729 720 enim
763 645 953 748 integrale
986 667 1125 722 revera
1166 645 1214 722 sit
1248 646 1537 749 algebraicum,
1585 649 1744 727 omniuo
1777 653 1854 729 fieri

265 786 420 874 potest,
462 784 504 846 ut
537 772 576 846 id
608 796 657 846 ne
690 770 877 871 suspicari
910 772 1061 870 quidem
1098 771 1240 864 liceat,
1287 774 1359 851 nisi
1395 773 1668 874 multiplicator
1701 778 1855 893 idoneus

263 901 456 1012 ingusum
506 914 695 989 vocetur,
744 901 1062 997 quemadmodum
1109 899 1311 999 superiora
1362 901 1539 997 exempla
1589 904 1744 980 abunde
1795 907 1854 982 de·

265 1028 427 1105 clarent.
464 1025 471 1033 ’

434 1272 513 1340 10..
571 1263 624 1338 Sit
658 1288 752 1365 ergo
787 1261 962 1363 aequatio
997 1261 1258 1338 differentialis
1290 1261 1494 1362 proposita
1527 1261 1639 1361 hujus
1676 1260 1826 1336 formae

266 1620 305 1694 iu
340 1640 414 1722 qua
447 1617 486 1692 X
520 1616 568 1693 sit
587 1710 592 1719 Ι
611 1618 754 1697 functio
787 1644 820 1694 oc
852 1631 891 1695 et
923 1621 956 1694 Y
998 1620 1117 1707 solius
1149 1642 1208 1717 ,πμ
1257 1626 1372 1716 atque
1412 1615 1637 1718 investigari
1680 1629 1859 1716 oporteat

266 1744 451 1848 ejusmodi
485 1744 820 1844 multiplicatorem
852 1747 927 1841 M,
974 1771 1052 1847 quo
1086 1746 1151 1822 illa
1184 1740 1359 1843 aequatio
1394 1742 1617 1844 algebraioe
1650 1742 1857 1844 integrabi-

268 1872 313 1947 lis
347 1872 555 1963 reddatur,
598 1872 784 1970 siquidem
815 1872 899 1953 fieri
932 1885 1086 1974 potest:
1135 1871 1239 1970 quod
1271 1890 1361 1945 oum
1394 1892 1487 1945 raro
1520 1868 1709 1962 eveniat,
1750 1869 1859 1946 vicis·

268 1997 339 2073 sim
372 2007 541 2075 assumta
575 1999 881 2100 multiplicatoris
916 1999 1044 2077 forma
1079 1998 1123 2074 M
1158 1999 1367 2098 indagasse
1393 1996 1542 2099 juvabit
1576 1993 1859 2076 funcuonesx

269 2140 308 2199 et
344 2123 389 2199 Y.
458 2123 512 2200 Sit
545 2124 672 2224 primo
706 2127 982 2229 multiplicator

494 2288 539 2363 a
574 2298 638 2369 ²
671 2263 1030 2430 nuffar·

268 2505 309 2562 ut
344 2485 580 2588 integrabilis
614 2511 700 2567 esse
732 2489 873 2566 debeat
906 2492 1002 2570 haec
1035 2491 1162 2567 forma

550 2620 618 2682 Yda
637 2620 774 2695 -l-xdy
862 2679 924 2694 ,-

495 2698 831 2792 tearum?
862 2721 924 2735 “·
962 2668 1002 2736 0·

180 2934 182 2937 .
270 2843 373 2919 Hine
407 2856 530 2920 sumta
562 2868 591 2942 y
624 2858 825 2923 constante
859 2843 1047 2944 colligitur
1081 2845 1268 2946 integrale

494 2981 1116 3147 ῖῑῐῇῑὲῆῇῆῧν,

271 3216 397 3282 sumta
430 3185 557 3280 autem
590 3229 622 3279 x
656 3186 860 3278 constante
893 3201 1024 3303 prodit
1613 3216 1667 3293 ᾗ

274 3590 387 3663 qaam
422 3568 555 3642 ambas
590 3566 732 3643 formas
764 3564 865 3642 inter
896 3588 939 3643 se
972 3567 1154 3666 aequales
1187 3589 1271 3646 esse
1306 3579 1487 3668 oportet3
1534 3567 1634 3644 unde
1669 3572 1713 3643 tit

352 3709 1875 3827 -pu÷pp<a÷px÷py)r:y:-prt÷pp<a÷pz÷pmuzm

277 3883 344 3939 seu
485 3983 1635 4101 fix-pYzssq((u÷l32÷·py)(A:m-l':y),

277 4164 406 4263 sicque
444 4134 554 4264 patet
594 4148 814 4243 functiones
846 4157 964 4244 Arsa
997 4176 1036 4243 et
1071 4165 1173 4266 I'zy
1212 4168 1265 4244 ita
1299 4186 1548 4267 comparatas
1588 4187 1676 4243 esse
1710 4167 1876 4260 debere,

277 4304 319 4366 ut
356 4289 509 4366 evoluto
551 4289 753 4388 posteriori
793 4294 964 4370 membro
1005 4293 1185 4387 termini,
1232 4293 1295 4393 qui
1338 4293 1448 4370 simul
1486 4319 1520 4370 ar
1553 4306 1653 4392 ety
1693 4298 1877 4401 coutine-

277 4428 381 4508 rem,
417 4438 458 4492 se
490 4428 623 4495 mutuo
656 4418 805 4497 tollant
872 4419 930 4496 Ex
963 4442 1039 4517 quo
1073 4418 1292 4520 intelligitur
1325 4420 1407 4496 fore

502 4564 1037 4677 dazinus-seona.
1070 4580 1110 4646 et
1144 4566 1650 4679 rzyzmpy÷const
