4260 5686
277 1582 483 1666 CASUUM
529 1578 755 1661 PRORSUS
800 1581 1160 1662 erGULstM
1214 1583 1375 1663 elaea
1421 1583 1862 1679 INTEGRATIONEM

610 1779 993 1876 AEQUATIONUM
1024 1782 1520 1862 DlFFERENTIALIUM.

1051 2212 1084 2278 l.

274 2404 385 2516 Cam
405 2439 529 2516 adhue
554 2436 739 2541 plurimae
771 2451 886 2541 atque
910 2438 1011 2516 inter
1033 2464 1076 2519 se
1100 2442 1264 2523 maxime
1291 2443 1557 2543 discrepantes
1582 2440 1752 2523 methodi
1780 2442 1856 2521 siut

272 2594 311 2667 in
343 2588 509 2666 medium
541 2588 702 2685 allatae,
734 2590 983 2689 aequationes
1015 2592 1288 2671 differentiales
1320 2589 1551 2694 integrandi,
1567 2590 1739 2692 quaestio
1762 2614 1857 2671 exo·

270 2719 368 2795 ritur
393 2716 645 2795 summissae
676 2717 871 2814 momenti,
904 2743 954 2795 an
987 2698 1068 2798 non
1098 2720 1212 2798 unica
1245 2719 1357 2798 detur
1374 2710 1512 2825 'eaq'ue
1540 2717 1751 2820 aequabilia
1773 2741 1854 2797 me·

271 2845 422 2938 rhodus,
456 2847 563 2948 eujus
590 2867 665 2941 ope
692 2867 827 2921 omnes
851 2845 938 2921 illae
969 2846 1147 2926 diuersae
1169 2846 1417 2949 aequationes
1441 2847 1725 2942 differentiales,
1758 2868 1856 2946 quas

269 2973 477 3051 etiamnum
508 2970 705 3049 resoluere
737 2968 855 3063 licuit,
888 2971 1072 3073 integrari
1094 2974 1263 3074 queant?
1299 2973 1443 3051 nullum
1475 2972 1577 3085 epim
1595 2970 1668 3051 ¹est
1700 2971 1854 3050 dubium

266 3099 358 3200 quin
383 3097 552 3174 inventio
585 3093 670 3174 talia
701 3098 871 3174 methodi
898 3097 1060 3176 maxims
1094 3099 1332 3180 incrementa
1363 3099 1402 3176 in
1426 3096 1645 3176 universam
1671 3098 1854 3199 Analyain

268 3238 371 3306 esset
390 3225 565 3302 allatura.
600 3222 774 3302 Pluribus
792 3226 1007 3305 Geometris
1025 3226 1177 3326 quidem
1201 3225 1396 3330 separatio
1417 3225 1593 3304 binarum
1614 3224 1853 3304 variabilium

267 3352 478 3457 hujusmodi
500 3350 720 3430 methodum
745 3352 992 3454 suppeditare
1015 3366 1074 3433 est
1097 3355 1193 3449 siaa,
1227 3381 1317 3434 curn
1335 3378 1468 3433 omnes
1493 3353 1761 3453 aequationum
1778 3350 1850 3430 dil·

268 3479 521 3561 ferentialium
552 3478 827 3581 integrationes
851 3480 911 3557 vel
935 3482 1008 3560 hae
1032 3482 1181 3562 ratione
1211 3482 1287 3563 sint
1307 3483 1534 3585 integratae,
1564 3480 1626 3558 rel
1656 3503 1706 3559 eo
1738 3481 1851 3560 laeile

268 3608 418 3710 possint
452 3610 644 3687 revocari.
708 3610 985 3710 Praeterquam
1025 3623 1153 3688 autem
1195 3611 1297 3711 quod
1339 3613 1438 3689 haec
1476 3608 1680 3687 methodus
1712 3609 1851 3687 substi-

269 3735 473 3814 tutionibus
507 3736 736 3827 absolvitur,
778 3762 878 3835 quae
911 3736 1135 3838 plerumque
1167 3763 1245 3817 non
1277 3737 1463 3816 minorem
1496 3733 1748 3838 sagacitatem
1779 3761 1849 3837 po·

267 3866 436 3954 stulant,
478 3888 595 3963 quarn
626 3863 665 3939 id
698 3863 836 3965 ipsum.
856 3867 961 3964 quod
993 3866 1217 3964 quaeritur,
1257 3891 1304 3942 ao
1336 3886 1607 3962 nonnunquam
1640 3861 1712 3940 soli
1743 3864 1848 3941 essai

268 3990 400 4069 deberi
431 3989 638 4086 ridentur,
679 3991 1014 4071 haee.methodus
1047 3992 1164 4069 etiam
1196 3989 1415 4090 neutiquam
1447 3987 1665 4067 extenditur
1699 3987 1748 4064 ad
1782 4012 1847 4067 ae·

266 4118 465 4218 quationes
506 4116 779 4196 differentiales
819 4118 976 4195 secundi
1009 4120 1263 4223 altiorumque
1310 4120 1526 4221 graduum3
1571 4127 1611 4194 et
1648 4111 1712 4213 qui
1749 4116 1846 4196 tales

267 4246 516 4347 aequationes
559 4247 684 4322 adhuc
732 4258 1022 4340 tractaverunt,
1067 4247 1181 4351 longe
1233 4244 1308 4326 alia
1348 4242 1509 4323 artificia
1554 4242 1593 4319 in
1637 4239 1845 4323 subsidium

265 4397 411 4489 rorare
451 4386 542 4453 sunt
576 4373 720 4451 coacti.
788 4372 1050 4468 Quamobrem
1099 4373 1385 4477 separationem
1423 4367 1662 4449 variabilium
1701 4392 1844 4470 nequa·

266 4503 380 4603 quain
423 4515 605 4605 tanquam
643 4503 864 4583 methodum
902 4503 1130 4584 uniformem
1172 4528 1219 4585 ac
1267 4500 1448 4580 latissime
1495 4508 1694 4601 patentem
1731 4520 1842 4599 spec·

1427 4631 1521 4706 ⁶2·
