4266 5700
124 5138 350 5364 et

518 441 603 510 ³2⁸
1087 423 1395 500 carnut:

454 629 745 727 investiganda,
786 623 1041 724 proponitur3
1086 623 1266 720 qualibet
1285 623 1538 721 integratione
1570 621 1758 698 introduci
1791 624 2029 702 functionem

456 776 718 853 quamcunque
754 750 993 827 arbitrariam
1033 750 1220 826 binarium
1260 746 1524 837 variantium,
1576 760 1701 847 atque.
1735 750 1833 826 adeo
1879 750 1918 825 in
1950 755 2027 828 lroc

458 878 666 956 consistere
698 876 914 966 criterium,
962 899 1036 973 quo
1066 878 1169 951 baec
1202 898 1294 979 pars
1327 873 1461 949 oulculi
1499 873 1693 977 integralis
1728 899 1752 948 a
1784 877 2030 974 praeceden-

457 1006 555 1079 tibus
595 1002 846 1104 distinguitur.
914 1000 1247 1094 Quemadmodum
1289 998 1417 1088 enim,
1471 1002 1560 1075 dum
1609 1011 1745 1076 natura
1791 1001 2031 1077 functionum

458 1130 594 1206 unicae
624 1128 817 1205 variabilis
857 1150 904 1202 ex
942 1128 1035 1202 data
1073 1125 1376 1202 differentialium
1416 1124 1634 1202 conditione
1666 1125 1940 1228 investigatur,
1990 1128 2031 1202 in

457 1280 532 1353 qno
563 1256 761 1331 universus
793 1252 888 1328 liber
921 1253 1066 1353 primus
1098 1272 1159 1329 est
1191 1263 1428 1352 occupatus,
1461 1277 1534 1346 per
1565 1252 1772 1350 quamlibet
1804 1252 2033 1353 integratio-

460 1405 547 1485 nem
591 1380 780 1479 quantitas
822 1392 1003 1456 constans
1049 1378 1254 1455 arbitraria
1280 1377 1342 1454 'in
1392 1377 1577 1455 calculum
1625 1377 1838 1471 invehitur,
1890 1378 1944 1455 ita
1992 1378 2035 1453 in

458 1517 582 1604 parte
611 1506 867 1605 praecedente
906 1505 1015 1604 hujus
1058 1505 1213 1581 secundi
1252 1503 1336 1578 libri
1366 1502 1551 1594 vidimus,
1602 1503 1634 1578 si
1675 1504 1889 1581 functiones
1921 1503 2034 1580 biria-

458 1655 542 1720 rum
583 1629 818 1706 variabilium
858 1654 905 1704 ex
947 1632 1038 1705 data
1077 1630 1325 1705 formularum
1361 1627 1665 1705 differentialium
1704 1629 1890 1706 relatione
1924 1629 2035 1703 inve·

459 1756 590 1855 stigari
623 1759 809 1845 debeant,
860 1767 938 1829 tum
978 1757 1027 1831 ad
1069 1757 1270 1831 essentiam
1311 1733 1420 1854 hujus
1459 1754 1698 1830 tractationis
1739 1754 1777 1829 id
1810 1755 2036 1854 pertinere,

462 1883 563 1976 quod
601 1872 768 1979 qualibet
808 1880 1061 1981 integratione
1100 1904 1178 1956 non
1218 1880 1409 1977 quantitas
1455 1893 1637 1956 constans
1678 1881 1746 1955 sed
1786 1881 1883 1956 adeo
1920 1881 2037 1954 func-

462 2006 510 2078 tio
541 2007 648 2083 unius
681 2004 873 2082 variabilis
905 2030 1063 2104 prorsus
1097 2005 1297 2082 arbitraria
1334 2005 1373 2080 in
1406 2007 1591 2084 calculum
1623 2006 1920 2098 introducatur3
1959 2006 2040 2082 etsi

467 2132 566 2206 enim
599 2133 822 2230 plerumque
853 2133 925 2206 hae
958 2126 1174 2208 functiones
1207 2133 1322 2207 veluti
1355 2132 1389 2210 Γ
1414 2157 1424 2205 2
1448 2137 1531 2224 (ax
1550 2146 1608 2209 4-
1625 2132 1701 2240 βῃ)
1741 2135 1874 2209 ambas
1906 2134 2039 2207 varia·

464 2258 555 2355 biles
596 2283 628 2330 x
669 2276 706 2333 et
746 2280 774 2352 y
822 2256 1095 2356 implicabant,
1153 2270 1280 2332 tamen
1325 2257 1374 2332 ibi
1413 2271 1493 2334 tota
1534 2257 1723 2355 quantitas
1764 2283 1838 2338 nx
1873 2273 1933 2345 -4-
1964 2258 2041 2366 βῃ
2112 2265 2116 2271 “

464 2396 505 2454 ut
552 2384 663 2457 unica
717 2394 937 2481 spectatur,
999 2386 1105 2485 cujus
1154 2383 1383 2459 functionem
1438 2406 1700 2484 quamcunque
1758 2383 1821 2458 illa
1870 2385 2041 2460 formula

467 2507 645 2597 lz<nx
667 2505 822 2613 -t-ssy)
867 2511 1036 2584 denotat.
1102 2510 1213 2586 Nune
1254 2509 1393 2610 igitur„
1443 2513 1505 2587 ubi
1546 2511 1593 2585 de
1637 2510 1890 2586 functionibus
1922 2509 2041 2584 trium

466 2631 700 2707 variabiliurn
734 2633 883 2731 agitur,
926 2638 1046 2730 probe
1079 2634 1287 2710 notandum
1323 2653 1408 2727 est,
1440 2639 1607 2733 qualibet
1638 2636 1893 2737 integratione
1927 2635 2042 2712 func·

472 2759 609 2833 tionem
642 2755 883 2833 arbitrariam
915 2761 1073 2836 duarum
1114 2761 1212 2838 adeo
1250 2761 1488 2838 variabilium
1529 2765 1566 2838 in
1599 2763 1787 2839 calculum
1820 2760 2043 2837 introduci:

469 2909 513 2957 ex
548 2908 621 2979 quo
655 2882 761 2957 simul
796 2883 958 2960 indolem
992 2887 1312 2986 integrationum,
1357 2912 1452 2984 qnae
1490 2891 1595 2966 circa
1627 2886 1840 2963 functiones
1871 2884 2045 2987 plurium

468 3007 700 3081 variabilium
735 3025 961 3100 versantur,
997 3011 1176 3111 colligere
1211 3012 1307 3086 lieet.

1028 3309 1340 3385 Problema
1406 3317 1477 3385 62.
1583 3332 1585 3337 ’

634 3546 732 3614 ltu.
788 3520 847 3612 'Si
898 3540 945 3616 sit
984 3567 1007 3616 υ
1060 3541 1202 3617 functio
1252 3565 1497 3640 quaeeunque
1549 3546 1659 3620 trium
1710 3545 1948 3623 variabilium
1993 3571 2047 3633 x,

468 3685 494 3757 y
526 3678 564 3738 et
598 3690 645 3750 z,
699 3669 777 3763 ejus
822 3666 1000 3742 formulas
1043 3667 1311 3746 differentiales
1351 3670 1506 3747 mnndi
1557 3671 1806 3770 altiorumqne
1853 3671 2048 3781 graduum

394 3808 397 3816 '
469 3792 656 3867 exhibere.

1131 4010 1369 4084 solutio.

631 4167 727 4244 Cum
763 4169 842 4266 ejus
878 4172 1064 4251 formulae
1097 4175 1366 4251 differentiales
1400 4176 1510 4274 primi
1546 4178 1686 4277 gradus
1721 4177 1793 4250 sint
1828 4197 1905 4252 tres

476 4512 662 4607 quaelibet
704 4518 824 4593 instar
864 4542 989 4598 norae
1031 4528 1234 4603 functionis
1284 4531 1526 4608 considerata
1565 4535 1700 4610 iterum
1747 4549 1824 4615 tres
1864 4494 2047 4640 subpedi-
