4260 5686
1063 443 1280 524 carttt‘
1349 439 1399 515 ll.

1107 653 1359 757 solutio.

568 895 666 971 Cum
700 893 748 969 eit
780 882 1270 988 bzz'Vboe-r-qay,
1321 885 1353 962 si
1393 905 1586 960 sumamus
1622 870 1660 982 μ’
1692 897 1902 981 constans,
1952 890 2031 969 erit

439 1012 660 1108 ἂκζζνῦκ,
697 1044 794 1117 quae
829 1044 923 1120 ergo
961 1019 1138 1118 aequatio
1174 1021 1270 1091 duris
1305 1026 1453 1089 tantum
1487 1011 1660 1086 continet
1693 1014 1894 1091 variabiles
1921 1041 1957 1090 x
1989 1034 2033 1096 et

440 1172 485 1239 a,
519 1147 683 1223 litterum
720 1163 845 1222 autem
878 1172 907 1243 y
949 1148 1140 1221 functione
1175 1146 1207 1217 V
1241 1140 1451 1217 involvens.
1517 1139 1680 1214 Dabitur
1721 1166 1815 1243 ergo
1848 1143 2033 1245 multipli-

441 1288 551 1349 cator
584 1274 629 1349 M
664 1277 764 1349 hanc
800 1275 1067 1372 aequationem
1101 1271 1370 1372 integrabilem
1403 1267 1584 1362 reddens,
1616 1267 1671 1343 ita
1703 1284 1747 1346 ut
1778 1268 1827 1347 sit
1894 1355 1898 1361 ,

665 1451 794 1541 sz
833 1498 885 1514 -·
923 1459 1110 1549 vax
1144 1475 1205 1533 z:
1239 1447 1333 1544 ὃὸ,

437 1640 540 1719 unde
575 1643 751 1741 aequatio
787 1644 984 1744 integralis
1017 1643 1242 1718 relationem
1276 1637 1377 1712 inter
1409 1660 1454 1727 x,
1487 1653 1557 1732 yet
1589 1661 1616 1710 z
1648 1635 1865 1737 exprimens
1892 1643 1972 1720 erit

665 1829 687 1904 S
722 1853 784 1907 .··:
819 1831 838 1902 f
868 1855 876 1903 :
909 1852 964 1925 y:

439 2008 500 2084 uei
536 2009 558 2085 S
593 2011 666 2088 erit
710 2012 853 2089 functio
888 2023 995 2087 certa
1046 2009 1216 2108 ipsarum
1268 2034 1330 2096 su,
1372 2027 1401 2104 y
1441 2017 1480 2080 et
1521 2032 1575 2098 z,
1625 2007 1782 2106 fierique
1820 2021 1954 2109 potest
1983 2025 2031 2090 ut

439 2136 554 2214 etiam
597 2139 639 2214 M
684 2164 817 2217 omnes
860 2143 927 2215 has
971 2152 1048 2213 tres
1095 2140 1238 2214 litteras
1280 2136 1601 2232 comprehendat.
1669 2136 1858 2212 Convenit
1896 2154 2029 2216 autem

438 2263 623 2341 functioni
660 2269 681 2343 S
715 2294 785 2365 per
819 2267 1115 2367 integrationem
1158 2266 1336 2338 inventae
1372 2262 1540 2337 valorem
1576 2263 1870 2339 determinatum
1901 2266 2029 2363 tribui,

401 2443 405 2452 ·
441 2389 621 2488 quoniam
664 2418 756 2492 pars
796 2391 1090 2468 indeterminata
1138 2392 1176 2465 in
1225 2389 1421 2465 functione
1474 2389 1677 2466 arbitraria
1720 2392 1740 2463 l
1759 2413 1822 2488 :y
1866 2390 2029 2475 includi·

441 2534 513 2595 tur.
584 2519 776 2597 Ponnmus
816 2544 911 2619 ergo
953 2519 976 2593 S
1009 2518 1064 2591 ita
1104 2517 1220 2615 cupi,
1268 2530 1309 2590 ut
1349 2537 1558 2596 evanescat
1597 2517 1630 2593 si
1664 2521 1838 2618 'ponatur
1870 2542 2029 2600 :oza

437 2654 477 2721 ot
510 2665 667 2721 zze.
777 2662 788 2676 “

574 2897 686 2990 Quod
720 2896 750 2971 si
784 2897 870 2971 hine
904 2898 1141 2996 aequationis
1184 2898 1443 2973 differentialis
1476 2899 1702 3000 propositae
1737 2900 1896 2977 alteram
1935 2927 2032 3002 par·

440 3038 517 3103 tem
555 3026 638 3129 phy
671 3024 841 3100 invenire
875 3025 1055 3121 velimus,
1101 3028 1400 3104 differentiemus
1432 3028 1665 3104 functionem
1698 3028 1723 3106 S
1755 3045 1880 3109 sunto
1911 3033 2035 3113 etiam

438 3154 699 3258 yvariabili,
751 3153 872 3251 sitque

671 3327 722 3413 os
741 3353 804 3409 :z
824 3334 924 3425 Maz
955 3378 995 3394 «-
1016 3331 1154 3420 Μνὸω
1180 3316 1627 3444 4-Qoyzoeif'290

441 3519 505 3597 ubi
538 3544 625 3597 eum
658 3519 707 3596 sit

670 3687 906 3845 ἔρρε(
887 3689 1293 3858 <v3e-1t
1315 3701 1584 3872 -tlsl-lr·

443 3923 515 4004 etit
548 3918 672 4005 sumto
704 3925 888 4003 iterum
875 3954 902 4027 y
936 3944 1137 4010 constante

670 4111 1860 4288 ³0:³2t22>÷aae<3-t>:ae-t>*an-m

446 4362 544 4441 quse
583 4343 746 4423 formula
798 4358 904 4424 certo
939 4350 1011 4427 erit
1060 4354 1307 4454 integrabilis.
1376 4360 1472 4460 Cupi
1513 4383 1641 4438 sutem
1682 4363 1722 4456 Q
1760 4359 1898 4437 eadem
1945 4352 2035 4466 lege

446 4470 561 4546 debet
577 4526 587 4559 .
622 4495 698 4569 qus
734 4474 755 4548 S
791 4476 990 4553 sumsimus
1008 4536 1019 4569 ,
1059 4480 1112 4557 ita
1144 4496 1188 4559 ut
1219 4503 1427 4564 evanescat
1459 4489 1586 4589 posito
1617 4514 1651 4567 ω
1666 4509 1730 4570 z:
1745 4512 1775 4566 a
1805 4501 1847 4567 et
1874 4511 1904 4568 ι
1916 4510 1983 4570 z
1997 4512 2036 4585 e,

448 4608 565 4699 etque
595 4594 749 4679 inventa
783 4604 856 4681 hac
889 4605 1102 4709 quantitate
1134 4609 1202 4709 Q,
1249 4636 1339 4692 eum
1370 4617 1581 4733 habeamup
