4260 5686
347 453 434 529 ass
892 408 1120 514 carna
1187 432 1239 513 u.

674 614 727 677 au
852 611 929 683 ἂὸο
1058 612 1135 676 a’tt
1261 607 1335 685 its

511 649 1884 776 N‘fiffiff*ff÷ff“wa⁰“÷

513 796 1722 959 ffl-gtff-3÷ffizmzm

287 1036 425 1141 qum
455 1031 594 1132 duplex
624 1024 764 1104 relatio
783 1024 901 1102 ‘iuter
922 1024 1057 1103 tema's
1090 1023 1299 1104 variabiles
1327 1048 1378 1120 u,-
1402 1044 1444 1125 μ
1474 1049 1502 1101 z
1539 1023 1594 1101 ita
1625 1021 1869 1125 exprimitoe,

285 1184 331 1244 ιι
359 1162 544 1258 deinceps
572 1166 712 1252 tarny
742 1175 858 1253 quam
889 1175 919 1241 a
946 1168 1053 1241 recte
1084 1164 1268 1250 tauquam
1296 1146 1442 1241 functio
1474 1149 1595 1253 ipsius
1621 1172 1656 1224 a·
1693 1154 1860 1253 spectari

285 1290 421 1396 possit.
484 1281 648 1380 Quando
681 1298 808 1358 autem
840 1280 914 1357 hae
948 1278 1197 1395 aequationea
1229 1289 1318 1357 sunt
1348 1276 1621 1356 differentiales
1657 1275 1776 1377 idque
1808 1281 1860 1356 el·

284 1419 394 1497 tioris
424 1409 595 1516 gradus,
644 1405 805 1485 totidem
843 1403 1020 1506 utrinque
1059 1415 1280 1484 constantes
1320 1402 1548 1486 arbitrariae
1586 1424 1670 1506 per-
1691 1406 1860 1507 lntegra·

282 1545 404 1623 tiones
434 1540 475 1615 in
506 1533 693 1612 calculum
724 1531 979 1628 invehuntur,
1020 1531 1125 1632 quoti
1157 1533 1301 1635 gradus
1333 1545 1496 1628 utraque
1529 1529 1641 1610 suerit
1676 1528 1855 1610 differen-

280 1667 391 1750 tisb's.
456 1664 540 1740 Has
572 1684 668 1738 vero
701 1670 920 1737 constantes
952 1657 1134 1760 deinceps
1167 1658 1221 1735 ita
1252 1658 1400 1736 deliniri
1432 1670 1613 1759 oportet,
1649 1669 1704 1734 ut
1727 1658 1853 1736 condi·

279 1792 441 1878 tionibus
479 1801 559 1866 tam
590 1809 665 1886 pro
695 1784 802 1862 initio
843 1810 959 1886 quam
990 1810 1074 1886 pro
1104 1787 1179 1864 line
1216 1785 1482 1887 integrationis
1508 1782 1700 1871 &mulae
1720 1779 1854 1885 side

277 1913 526 2026 praescriptis
558 1910 729 2007 satisfiat,
764 1914 869 2012 quod
902 1911 1098 2014 negotium
1131 1937 1178 1990 eo
1212 1913 1330 2005 redit,
1362 1926 1405 1988 ut
1435 1922 1641 2015 praeterea
1673 1912 1852 1993 variatio·

280 2048 341 2129 nis
370 2061 502 2149 partes
535 2037 733 2116 absolutae
768 2041 818 2114 ad
850 2039 1005 2115 nihilum
1038 2038 1273 2145 redigantur.
1334 2038 1461 2116 Primo
1493 2034 1639 2116 scilicet
1672 2051 1851 2118 constans

279 2177 333 2255 ita
370 2165 517 2251 definiri
551 2167 694 2260 debet,
744 2177 787 2243 ut
819 2164 1102 2243 conditionibus
1135 2146 1208 2267 pro
1249 2164 1355 2244 initio
1389 2162 1643 2266 praescniptis
1675 2164 1852 2255 satisfiat,

279 2300 345 2381 ubi
376 2296 527 2400 quidem
559 2315 608 2369 ex
640 2291 874 2390 quaestionis
905 2291 1045 2373 indole.
1067 2292 1285 2394 potatua-

275 2648 448 2731 deflnitos
488 2644 641 2723 valores
683 2646 813 2723 sortiri
852 2647 986 2751 solent.
1051 2649 1151 2726 Tum
1190 2671 1292 2726 sero-
1329 2671 1423 2735 cum¹
1455 2644 1557 2725 idem
1590 2645 1699 2727 cioca
1740 2647 1853 2724 larem

275 2770 536 2877 integrationis
576 2793 648 2848 usu
688 2772 845 2866 veniat,
893 2799 939 2852 ex
982 2773 1141 2877 singulis
1179 2787 1407 2863 constantes
1443 2799 1515 2877 per
1553 2772 1851 2877 integrationem

272 2902 467 3009 ingressae
498 2896 865 2977 determinabantur.

864 3114 1154 3207 selecti-oa,
1213 3126 1253 3201 2.

433 3287 535 3365 lab.
600 3282 805 3377 Plurimum
839 3291 1030 3374 conducet
1061 3291 1125 3384 liic¹
1155 3294 1420 3387 observasse„
1460 3290 1665 3396 membra,
1715 3287 1851 3395 qm‘bus

270 3410 430 3501 strictio
464 3397 620 3510 5]de
652 3414 885 3516 exprimitur,
918 3430 1057 3519 sponte
1090 3418 1129 3494 in
1162 3420 1257 3495 duas
1292 3416 1436 3495 classes
1469 3415 1649 3518 dispesci,
1684 3415 1725 3491 in
1756 3439 1849 3524 qua·

268 3569 352 3627 rum
389 3538 510 3620 altera
552 3537 701 3618 litterae
742 3556 888 3620 tuntum
929 3569 999 3621 eae
1033 3544 1346 3646 conspiciuntur,
1396 3568 1494 3642 quae
1528 3545 1579 3619 ad
1610 3541 1846 3618 variabilita-

268 3686 344 3757 turn
378 3664 495 3771 ipatus
527 3686 568 3762 y,
602 3689 670 3744 seu
703 3669 752 3744 ad
785 3671 866 3772 ejus
900 3671 1068 3763 habitum
1101 3684 1280 3773 respectu
1312 3697 1344 3746 ω
1377 3672 1612 3763 referuntur,
1646 3669 1763 3766 idque
1796 3668 1848 3743 ita

268 3822 316 3883 uu
346 3794 379 3879 si
410 3789 601 3907 quantitas
634 3818 662 3869 z
695 3809 878 3874 constans
912 3818 1014 3875 esset
1050 3812 1243 3897 assumta,
1292 3798 1416 3872 altera
1448 3820 1542 3874 vero
1577 3793 1711 3872 classis
1746 3792 1848 3870 simi·

267 3929 324 4013 les
355 3918 485 4005 literas
517 3938 543 3994 a
575 3918 828 4002 variabilitate
861 3922 979 4025 ipsius
1013 3948 1039 3999 z
1070 3939 1219 4001 tsnmm
1252 3923 1468 4024 pendentes
1493 3921 1689 4015 contines,
1739 3923 1849 4020 quasi

264 4043 454 4165 uusutltaa
484 4064 514 4146 y
545 4055 649 4124 esset
681 4062 875 4130 constans.
941 4052 999 4128 Ex
1033 4057 1112 4151 quo
1144 4051 1329 4154 colligere
1359 4048 1459 4142 licet,
1488 4049 1535 4135 ai*
1556 4047 1671 4125 esaan
1702 4059 1846 4146 quarta

265 4171 457 4267 mieblils
488 4195 513 4251 u
548 4175 727 4266 accedat,
760 4200 860 4275 quae
891 4197 933 4255 ut
967 4178 1110 4256 structio
1141 4178 1263 4280 ipsios
1296 4200 1329 4255 a·
1362 4186 1512 4277 quoque
1547 4172 1724 4276 apertam
1740 4192 1845 4274 -quc-

264 4320 333 4411 st,
380 4318 458 4387 tum
501 4303 550 4378 ad
590 4299 675 4379 illas
715 4300 813 4380 duas
860 4306 1008 4384 classes
1047 4306 1211 4384 tertiam.
1243 4307 1415 4407 iusuper
1438 4324 1524 4399 esse
1564 4300 1846 4404 suspendam

264 4454 363 4547 quas
393 4426 528 4515 similia
559 4430 733 4507 membra
764 4454 788 4506 a
812 4429 1072 4512 variabilitate
1099 4431 1216 4513 ¹solius
1247 4459 1274 4511 v
1300 4414 1520 4535 pendentia·
1544 4428 1842 4530 compacatam

266 4554 459 4671 Quuulrus
491 4553 626 4637 solutio
660 4556 722 4636 hic
755 4557 846 4635 data
880 4560 1048 4662 spectari
1080 4575 1237 4662 potest,
1271 4538 1394 4661 qous
1411 4559 1839 4656 adt-quotctmqsms·

1879 610 1898 719 i
