4266 5700
845 447 1073 543 CAPUT
1133 450 1165 533 1.
1652 470 1740 544 ³89
1840 482 1843 495 ·

206 676 363 735 ωηο
410 651 699 752 investigandae
739 656 789 730 ad
834 653 1056 757 superficies
1093 651 1373 731 terminatriees
1420 657 1633 734 translerre
1682 660 1807 756 licent,

207 782 361 882 quippe
398 803 559 876 quarum
592 779 737 859 indoles
769 781 807 856 in
847 797 1009 880 utroque
1044 781 1204 857 termino
1241 780 1468 859 relationem
1502 807 1672 874 mutuam
1707 789 1808 866 inter

206 908 451 984 ‘variationes
485 906 765 983 determinabit.

821 1183 1101 1261 Scholion
1175 1200 1212 1267 2.

386 1395 454 1471 19.
523 1385 856 1481 Quemadmodum
896 1383 958 1462 hic
996 1398 1076 1467 tres
1117 1390 1321 1468 variabiles
1372 1413 1503 1492 sumus
1545 1393 1807 1491 contemplati,

223 1536 384 1612 quarum
416 1512 554 1590 relatio
589 1512 735 1590 duabus
770 1511 1063 1611 aequationibua
1097 1516 1396 1623 determinatur,
1440 1517 1495 1592 ita
1529 1515 1645 1594 etiam
1679 1520 1806 1596 calcu·

221 1639 277 1718 lus
310 1640 551 1718 variabilium
586 1639 634 1714 ad
668 1651 833 1738 quatuor
865 1640 1044 1738 pluresve
1078 1645 1233 1721 extendi
1267 1657 1418 1744 potest,
1450 1643 1637 1742 siquidem
1670 1645 1806 1722 relatio

219 1791 288 1868 per
318 1778 389 1871 ‘tot
426 1765 674 1866 aequationes
719 1765 954 1866 exprimatur
993 1779 1035 1843 ut
1078 1792 1150 1867 per
1188 1772 1340 1848 unicam
1381 1769 1604 1846 variabilem
1638 1770 1806 1869 reliquae

220 1917 352 1973 omnes
384 1893 742 1972 determinationem
776 1917 886 1970 suam
919 1892 1203 1993 nanciscantur,
1235 1898 1382 1976 etiamsi
1415 1897 1523 2000 hujus
1558 1919 1670 1973 casus
1699 1897 1803 1975 ill'us·

219 2022 332 2099 tratio
373 2046 454 2102 non
496 2020 657 2120 amplius
697 2045 744 2096 ex
779 2018 999 2097 Geometria
1040 2020 1159 2100 tribus
1209 2040 1354 2101 tantum
1404 2021 1700 2099 dimensionibus
1746 2025 1803 2098 in·

220 2148 322 2228 clusa
355 2149 435 2253 peti
469 2161 604 2248 queat,
651 2147 722 2224 nisi
754 2148 868 2225 'forte
916 2157 1068 2248 tempus
1117 2148 1156 2226 in
1203 2151 1412 2230 subsidium
1452 2173 1596 2226 vocare
1630 2147 1801 2244 velimus,

220 2275 376 2361 fluvium
409 2277 628 2353 continuum
664 2297 687 2349 a
718 2274 920 2374 superficie
954 2278 986 2350 A
1005 2275 1037 2348 B
1071 2277 1121 2351 ad
1153 2278 1395 2380 superficiem
1431 2277 1514 2353 CD
1547 2272 1803 2377 profluentem

219 2411 286 2499 sed
331 2401 516 2505 temporis
566 2403 677 2501 lapsu
717 2400 863 2504 jugiter
904 2401 1142 2478 immutatum
1187 2405 1496 2507 considerantes,
1552 2402 1604 2479 ita
1642 2419 1684 2478 ut
1724 2420 1804 2478 tum

218 2535 333 2617 etiam
372 2529 558 2630 temporis
598 2541 835 2621 momentum
878 2527 928 2606 sit
968 2528 1257 2629 assignandum,
1322 2553 1399 2632 quo
1448 2532 1652 2630 quaepiam
1701 2527 1803 2604 fluvii

218 2685 317 2744 vena
351 2685 373 2737 a
406 2655 608 2757 superficie
643 2650 720 2733 ΑΒ
753 2656 804 2734 ad
836 2657 1078 2756 superficiem
1112 2659 1200 2735 CD
1233 2672 1417 2760 porrecta
1450 2655 1604 2732 maximi
1637 2655 1698 2731 vel
1730 2657 1801 2732 mi·

217 2790 306 2871 nimi
338 2784 577 2890 proprietate
611 2783 777 2881 quadam
810 2783 859 2860 sit
889 2783 1078 2884 praedita.
1161 2787 1219 2862 Ad
1259 2811 1354 2886 quas
1396 2782 1602 2862 variabiles
1636 2782 1668 2860 si
1700 2782 1802 2860 insu-

208 2910 287 3022 fper
318 2902 526 3003 celeritatis
558 2909 848 2986 mutabilitatem
883 2909 1118 3012 adjiciamus,
1152 2913 1249 2988 haec
1281 2911 1421 3015 majori
1451 2909 1705 2986 variationum
1732 2900 1802 2986 nu·

217 3068 325 3124 mero
357 3038 583 3118 illustrando
615 3036 802 3114 inservire
834 3047 1030 3137 poterunt.
1111 3037 1304 3138 Imprimis
1346 3049 1472 3115 autem
1505 3037 1593 3114 hine
1626 3035 1801 3138 iutelligi-

216 3189 295 3268 tur,
328 3166 494 3247 etiamsi
536 3185 669 3242 omnes
710 3163 914 3241 variabiles
953 3187 1026 3262 per
1070 3163 1223 3241 unicam
1264 3161 1510 3242 determinari
1543 3173 1801 3253 assumantur,

214 3299 403 3377 rationem
435 3290 737 3394 investigationis
771 3312 899 3369 tamen
933 3292 981 3366 ab
1015 3315 1061 3367 ea
1095 3292 1160 3367 ubi
1192 3280 1303 3370 duae
1323 3304 1468 3368 tantum
1502 3287 1704 3366 variabiles
1734 3289 1802 3363 ad‘·

215 3428 431 3520 mittuntur,
462 3420 627 3498 manime
660 3417 906 3519 discrepare,
954 3429 1164 3519 propterea
1205 3420 1307 3517 quod
1348 3417 1505 3520 singulis
1542 3440 1632 3492 suae
1673 3415 1800 3491 varia·

215 3554 338 3634 tiones
379 3526 415 3627 a'
442 3546 596 3648 reliquis
636 3571 716 3623 non
760 3546 975 3646 pendentes
1016 3546 1129 3622 tribui
1174 3546 1335 3642 debent;
1392 3569 1517 3643 neque
1558 3542 1659 3619 enirn
1698 3545 1799 3641 inde,

214 3683 317 3783 quod
352 3681 451 3756 inter
484 3674 689 3752 variabiles
729 3672 834 3773 ipsas
874 3685 980 3750 certa
1021 3674 1210 3772 quaedam
1251 3672 1385 3752 relatio
1420 3669 1662 3774 agnoscitur,
1711 3670 1799 3749 ideo

212 3835 365 3911 quoque
405 3828 538 3883 earum
579 3784 812 3878 variationes
852 3801 917 3876 ulli
961 3799 1137 3877 relationi
1178 3802 1386 3879 adstrictae
1432 3812 1520 3877 sunt
1568 3798 1796 3876 censendae.

210 3936 336 4016 Veluti
378 3960 425 4011 ex
466 3956 560 4009 casu
600 3946 688 4006 ante
729 3926 1122 4006 allato'manisestum
1155 3941 1233 4022 est,
1283 3928 1345 4003 ubi
1390 3949 1509 4001 curva
1550 3921 1649 3999 inter
1688 3922 1797 4002 binas

201 4061 435 4164 ‚superficies
468 4065 499 4135 A
516 4059 549 4131 B
583 4067 623 4131 et
655 4061 685 4133 C
702 4059 740 4132 D
782 4067 964 4156 porrecta
997 4069 1036 4129 et
1068 4065 1175 4129 certa
1207 4052 1360 4129 maximi
1392 4049 1584 4128 minimive
1620 4053 1798 4150 proprie·

211 4206 291 4268 tate
322 4189 498 4288 praedita
532 4182 659 4280 ntique
692 4182 746 4257 ita
780 4196 840 4260 est
872 4184 912 4260 in
944 4203 986 4257 se
1019 4179 1291 4274 determinata,
1329 4192 1371 4256 ut
1401 4190 1527 4256 sumta
1558 4176 1796 4253 coordinata·

211 4342 297 4394 rum
329 4340 429 4406 una,
470 4312 584 4392 binae
624 4308 793 4407 reliquae
834 4298 1155 4399 determinentur;
1197 4306 1313 4382 nihilo
1354 4328 1448 4380 vero
1489 4302 1614 4376 minus
1654 4327 1796 4380 curvae

211 4443 385 4522 variatae
434 4464 568 4519 omues
616 4459 714 4536 quae
753 4436 792 4512 in
833 4458 966 4515 omnes
1007 4434 1143 4536 plagas
1186 4434 1235 4541 ab
1275 4431 1338 4511 illa
1379 4429 1586 4527 deflectere
1625 4444 1796 4527 possunt,

212 4595 286 4674 pro
319 4567 476 4674 singulis
509 4562 744 4646 coordinatis
776 4564 965 4665 recipirmt
998 4559 1228 4638 variationes
1261 4557 1481 4657 neutiquam
1514 4581 1539 4633 a
1566 4539 1795 4646 seinvicem
