4260 5686
298 466 384 577 ion
475 506 480 511 ·
630 430 1395 616 'arodurro‘uornmnlr'rum

235 709 320 772 tare
354 693 469 781 licet,
520 713 616 788 quae
653 709 797 771 omnes
829 689 1137 793 integrationes,
1171 714 1271 791 quae¹
1306 690 1429 768 adhuc
1464 701 1765 781 successerunt,
1802 691 1840 765 in

237 849 279 903 se
313 819 607 922 complectatur.

404 1088 443 1157 2.
510 1074 643 1151 Talem
687 1085 821 1150 autem
862 1075 1084 1153 methodum
1125 1075 1380 1153 universalem
1422 1077 1505 1178 jam
1552 1076 1708 1177 pridem
1749 1075 1837 1152 mihi

243 1210 419 1310 equidem
453 1203 644 1279 indicasse
677 1200 847 1295 videor,
896 1208 986 1281 dum
1020 1202 1171 1280 ostendi
1205 1204 1406 1303 proposita
1438 1227 1665 1305 quacunque
1698 1226 1838 1303 aequa·

242 1341 347 1415 tione
382 1329 627 1410 differentiali
660 1328 744 1407 slve
778 1331 896 1432 primi
930 1331 1010 1409 sive
1045 1330 1190 1408 altioris
1223 1331 1392 1432 gradus,
1434 1355 1598 1432 semper
1619 1330 1706 1407 dari
1739 1332 1838 1433 ejus·

244 1465 350 1543 modi
384 1460 663 1560 quantitatem,
700 1481 772 1555 per
809 1484 924 1556 quam
959 1460 990 1536 si
1025 1457 1205 1557 aequatio
1232 1442 1533 1559 'multiplicatrir,
1566 1460 1710 1535 evadat
1742 1458 1838 1534 inte·

124 1654 143 1693 ,
248 1590 438 1695 grabilis-,
483 1587 539 1665 ita
585 1596 627 1661 ut
673 1585 750 1663 hoc
801 1589 913 1664 modo
959 1586 1063 1665 nulla
1112 1587 1226 1689 plane
1275 1586 1540 1664 substitutione
1588 1584 1680 1663 alibi
1731 1584 1840 1660 anxie

248 1716 473 1819 quaerenda
514 1711 562 1789 sit
607 1735 714 1811 opus.
786 1715 845 1791 Ex
877 1739 953 1813 quo
987 1738 1064 1790 non
1098 1694 1258 1807 dubito,
1307 1717 1406 1791 hanc
1440 1713 1658 1791 methodum
1698 1734 1840 1810 aequa·

247 1847 373 1924 tiones
414 1840 688 1921 differentiales¹
733 1865 810 1942 ope
850 1841 1209 1944 multiplicationum
1258 1842 1310 1925 ad
1347 1841 1683 1949 integrabilitatem
1725 1862 1839 1916 revo-

253 1972 392 2063 candi,
442 1983 625 2066 tanquam
668 1967 851 2047 latissime
889 1982 1087 2072 patentem
1130 1970 1256 2068 atque'
1285 1982 1446 2048 naturae
1486 1969 1650 2045 maxime
1698 1990 1840 2046 conve·

250 2101 418 2177 nientcm
451 2094 743 2196 pronunciare;
785 2124 872 2174 cum
903 2098 1005 2174 nulla
1038 2097 1241 2199 integratio
1276 2098 1400 2177 adhuc
1434 2098 1482 2175 sit
1515 2094 1710 2195 expedita,
1743 2117 1842 2194 quae

253 2232 327 2304 hoc
369 2226 487 2300 modo
531 2249 610 2301 non
653 2224 766 2302 facile
808 2226 956 2303 absolvi
997 2224 1129 2324 possit.
1195 2227 1292 2301 Cum
1326 2225 1472 2303 scilicet
1504 2223 1627 2300 omnis
1661 2220 1842 2320 aequatio

123 2440 127 2452 ¹
254 2352 517 2429 differentialis
558 2350 671 2452 primi
705 2355 847 2453 gradus
889 2351 925 2429 in
964 2354 1038 2428 hac
1072 2353 1198 2427 forma
1231 2345 1541 2452 de-l-Qby
1564 2361 1676 2430 :0
1723 2347 1846 2425 conti·

254 2493 419 2573 nentur,
458 2478 727 2567 denotantibus
761 2479 896 2561 litteris
928 2479 958 2555 P
992 2497 1032 2559 et
1063 2479 1104 2576 Q
1136 2480 1350 2563 functiones
1383 2502 1629 2580 quascunque
1663 2477 1845 2553 binarum

254 2606 493 2695 variabilium
526 2634 558 2683 x
593 2621 632 2685 et
663 2632 722 2708 y,
771 2631 925 2709 semper
958 2609 1071 2702 datur
1111 2606 1298 2710 ejusmodi
1332 2606 1598 2707 multiplicator
1632 2605 1680 2682 M
1712 2603 1844 2681 itidem

256 2734 403 2813 functio
436 2737 627 2833 quaedam
670 2741 870 2813 ambarum
903 2733 1141 2812 variabilium
1173 2762 1207 2839 :c
1239 2748 1279 2815 et
1309 2758 1357 2837 y,
1402 2748 1446 2813 ut
1477 2735 1581 2812 faeta
1612 2732 1845 2833 multiplica·

257 2863 361 2961 tione
394 2865 491 2939 haec
525 2863 652 2951 forma
687 2857 1058 2965 Mde-l-Mpr
1090 2864 1157 2940 fiat
1189 2849 1450 2968 integrabilisss
1484 2864 1593 2965 cujus
1625 2872 1843 2961 propterea

256 2990 445 3095 integrale
485 2991 686 3099 quantitati
730 2992 923 3071 constanti
961 2989 1190 3069 ‘arbitrariae
1227 3011 1431 3094 aequatum
1472 2987 1665 3069 exhibebit
1697 2984 1863 3088 aequa·'

258 3118 402 3231 tionem
423 3117 653 3221 integralem,
677 3100 1210 3221 aequationis‚differentialis
1228 3119 1451 3223 propositae
1468 3112 1607 3201 ΡὸαΗΑ
1620 3114 1845 3216 Qbyzo,

258 3271 358 3359 quae
400 3246 535 3332 eadem
577 3248 675 3335 ratio
716 3273 866 3351 quoque
908 3247 945 3325 in
988 3245 1276 3347 aequationibus
1317 3246 1629 3327 differentialibus
1664 3244 1846 3323 altiorum

259 3375 448 3475 graduum
488 3375 614 3463 locum
665 3378 792 3473 habet.
834 3376 1002 3478 ¹Verum
1043 3376 1117 3452 hoc
1159 3359 1427 3478 argumentum
1465 3377 1527 3455 hie
1564 3372 1683 3451 fusius
1717 3390 1847 3471 'expo-

258 3526 353 3580 nere
386 3526 465 3591 non
497 3521 558 3581 est
592 3503 769 3601 anirnus3
820 3505 890 3585 sed
923 3503 1048 3606 potius
1082 3503 1360 3604 praestantiam
1401 3505 1510 3611 hujus
1542 3497 1715 3586 methodi
1748 3520 1848 3598 prae

260 3629 504 3729 separatione
548 3631 783 3709 variabilium
834 3634 949 3712 etiam
1001 3628 1186 3737 ejusmodi
1236 3630 1388 3709 casibus
1427 3632 1561 3732 quibus
1609 3627 1649 3704 id
1689 3625 1847 3703 minium

260 3753 447 3851 ineatur,
480 3755 666 3859 simulque
699 3781 886 3847 summam
919 3761 1000 3865 ejus
1033 3758 1230 3836 utilitatem
1265 3758 1329 3835 hic·
1358 3759 1557 3839 declarare
1591 3752 1786 3836 constitui.

425 4024 466 4093 3.
537 4013 696 4107 Quoties
740 4019 886 4107 scillcet
932 4021 971 4094 in
1016 4014 1246 4115 aequatione
1289 4015 1529 4095 differentiali
1569 4008 1778 4091 variabiles
1817 4034 1851 4084 x

262 4153 300 4217 et
329 4163 359 4241 y.
385 4143 468 4244 jam
503 4157 590 4225 sunt
622 4162 854 4244 separatae,
901 4160 1021 4224 totum
1053 4141 1249 4247 negotium
1284 4138 1399 4245 vrilgo
1440 4161 1481 4221 ut
1509 4142 1592 4245 jam
1625 4138 1851 4216 confectum

262 4269 430 4367 spectari
461 4270 589 4362 solet,
624 4273 933 4374 quandoquidem
964 4270 1077 4373 hujus
1111 4268 1349 4374 aequationis

484 4396 524 4473 X
540 4389 565 4480 d
581 4426 614 4477 x
644 4404 707 4503 -l-
740 4401 862 4503 Yby
894 4422 958 4489 ;.··.
996 4411 1049 4491 ο,

259 4519 323 4597 ubi
356 4521 394 4596 X
438 4522 594 4600 denotat
643 4527 875 4607 functionem
923 4527 1039 4606 solius
1088 4552 1121 4601 ac
1163 4544 1201 4606 et
1240 4531 1271 4604 Y
1319 4530 1435 4607 solius
1467 4527 1532 4626 y‚'
1572 4527 1764 4633 integrale
1809 4526 1851 4603 in

259 4661 412 4741 promtu
445 4669 505 4724 est
635 4674 639 4681 ’
1758 4666 1765 4671 ·
