4266 5700
903 395 1248 542 curura

875 661 1160 740 Scholion
1225 663 1257 739 1.

437 839 539 912 tta.
607 834 652 909 In
694 831 839 913 calculo
879 832 1031 930 quidem
1076 827 1318 908 differentiali
1356 852 1493 930 parum
1534 828 1678 925 refert,
1729 845 1860 911 mrum

273 963 416 1040 functio
450 959 745 1038 differentianda
776 981 906 1035 unam¹
924 958 1104 1058 pluresve
1136 954 1340 1035 variabiles
1374 957 1546 1037 involvat
1563 950 1575 1050 ,’
1621 982 1708 1042 oum
1741 986 1861 1061 prae-

274 1103 389 1192 eepta
421 1087 701 1167 differentiandl
743 1095 815 1186 pro
849 1083 993 1185 quovis*
1015 1086 1253 1198 variabilium
1285 1106 1446 1162 numero
1462 1142 1464 1146 2
1479 1096 1662 1162 maneant
1693 1089 1863 1181 eadem;

273 1241 386 1317 quam
436 1218 488 1294 ob
538 1237 693 1293 eausam
746 1214 864 1292 etiam
917 1213 1105 1290 calculum
1154 1211 1447 1289 differentialem
1501 1213 1711 1291 secundum
1756 1218 1863 1291 hanc

274 1343 510 1423 functionum
528 1365 532 1372 ·
552 1341 780 1420 varietatem
820 1342 859 1417 in
900 1335 1073 1419 diversas
1115 1354 1247 1443 partes
1288 1339 1467 1441 distingui
1507 1363 1585 1416 non
1627 1354 1712 1417 erat
1749 1365 1864 1442 opus.
1968 1410 1971 1420 .

273 1471 411 1573 Longe
452 1493 563 1548 aecus
607 1481 734 1548 autem
775 1469 915 1545 accidit
961 1469 1001 1545 in
1042 1471 1188 1549 calculo
1237 1466 1442 1568 integrali,
1493 1492 1608 1564 quem
1651 1470 1865 1558 seeundum

228 1672 230 1675 ,
275 1600 374 1676 hane
416 1597 650 1674 functionum
693 1597 919 1675 varietatem
959 1595 1115 1676 omnino
1164 1594 1202 1669 in
1244 1606 1377 1695 partes
1417 1591 1534 1670 dividi
1580 1617 1741 1673 neeesse
1781 1615 1864 1686 est,

275 1725 414 1826 quippe
445 1748 543 1823 quae
578 1737 711 1824 partes
744 1737 823 1798 tam
856 1725 1006 1802 ratione
1038 1722 1220 1825 propriae
1253 1721 1388 1799 indolis
1413 1744 1529 1820 quam
1560 1708 1711 1799 ratione
1743 1745 1866 1820 prae·

276 1863 476 1952 ceptorum
510 1851 674 1925 maxime
717 1850 815 1928 inter
855 1874 897 1927 se
933 1853 1169 1951 discrepant.
1238 1848 1570 1943 Quemadmodum
1611 1847 1725 1949 igitur
1759 1853 1865 1924 hanc

275 1989 425 2075 partem
460 1974 565 2052 eirca
608 1976 825 2077 functiones
869 1978 982 2056 trium
1021 1976 1260 2055 variabilium
1303 1987 1532 2076 occupatam
1575 1977 1733 2053 tractari
1767 1999 1864 2052 con-

274 2102 422 2195 veniat,
441 2120 445 2127 ’
465 2105 732 2201 exponendum
764 2103 925 2184 videtur.
993 2109 1046 2182 Ac
1080 2105 1205 2207 primo
1240 2099 1449 2202 quidem‘ii
1484 2126 1596 2180 casus
1629 2103 1864 2179 commodis·

278 2230 372 2306 sime
414 2228 663 2321 evolventur‚.
691 2231 824 2329 quibus
855 2234 964 2309 unius
997 2223 1201 2335 cujusdam
1231 2229 1417 2308 formulae
1453 2227 1716 2306 differentialis
1749 2229 1865 2305 valor

276 2358 417 2449 datur,
467 2380 514 2430 ex
546 2373 621 2454 quo
655 2358 818 2433 indolem
862 2359 1064 2437 functionis
1096 2357 1292 2459 quaesitae
1326 2354 1473 2433 deliniri
1509 2369 1716 2456 oporteat,
1768 2378 1866 2452 quo·

275 2483 376 2557 niam
411 2485 512 2559 haee
547 2482 792 2585 investigatio
832 2487 935 2561 nulla
974 2487 1125 2564 laborat
1159 2485 1391 2561 difficultate.
1459 2483 1609 2560 Deinde
1648 2463 1867 2589 hujusmodi

208 2660 223 2714 ¹.
277 2606 520 2706 quaestiones
555 2610 787 2710 aggrediar,
829 2614 971 2710 ‚quibus
1003 2615 1139 2691 relatio
1173 2610 1378 2710 quaepiam
1418 2609 1518 2686 inter
1552 2613 1647 2689 duas
1680 2610 1867 2713 pluresve

278 2733 462 2811 formulas
495 2735 771 2814 differentiales
803 2739 1061 2840 proponitur:
1093 2741 1156 2818 ubi
1191 2720 1342 2836 quidem
1376 2738 1581 2836 plurimum
1612 2737 1759 2831 relert,
1796 2756 1868 2813 cu·

163 2874 165 2877 ’
270 2861 425 2961 jusnam
459 2864 603 2963 gradus
635 2888 706 2942 eae
741 2850 878 2943 luerint
896 2849 909 2960 ‚¹
958 2867 1143 2968 siquidem
1187 2891 1233 2943 ex
1266 2868 1392 2965 primo
1426 2870 1549 2966 gradu
1580 2867 1711 2966 plures
1744 2885 1871 2942 casus

277 2988 458 3088 expedire
498 2989 613 3082 lieet,
664 2994 753 3068 dum
787 3019 834 3070 en
874 2991 1068 3076 altioribus
1109 2999 1171 3074 vix
1213 2995 1337 3070 adhuc
1380 2993 1582 3092 quicquam
1624 2994 1662 3067 in
1695 2990 1870 3071 medium

278 3115 406 3190 afferri
442 3128 599 3216 potest:
635 3120 734 3196 hunc
768 3146 862 3223 ergo
898 3116 1071 3203 ordinem
1104 3127 1142 3200 in
1175 3120 1250 3198 ista
1284 3119 1512 3198 tractatione
1548 3120 1780 3199 observabo.

869 3418 1149 3497 Scholion
1219 3434 1260 3497 2.

440 3612 542 3693 tut.
609 3602 744 3681 videri·
771 3606 831 3681 liic
864 3623 1015 3710 posset,
1051 3613 1100 3688 ad
1134 3582 1346 3692 functiones
1380 3616 1491 3691 trium
1526 3609 1763 3702 variabilium
1797 3608 1871 3682 de·

278 3726 489 3824 finiendas,
529 3731 624 3807 duas
658 3733 755 3808 adeo
789 3735 1027 3814 conditiones
1060 3764 1128 3815 seu
1162 3742 1369 3818 relationes
1401 3743 1500 3818 inter
1536 3739 1717 3814 formulas
1751 3735 1870 3810 diffe-

277 3855 457 3934 rentiales
499 3857 643 3934 admitti
684 3882 829 3964 posse,
876 3887 999 3961 neque
1040 3867 1153 3942 unica
1201 3867 1440 3967 praescripta
1475 3865 1738 3968 quaestionem
1776 3882 1872 3937 esse

277 3983 580 4062 determinatam.
649 3985 798 4079 Quodsi
831 3989 930 4066 enim
965 4005 1131 4091 ponatur

499 4110 1203 4264 uzm÷m÷m‚

278 4325 341 4400 ubi
373 4326 522 4405 litterae
551 4351 592 4427 p,
625 4353 663 4430 q,
696 4354 719 4406 r
760 4330 884 4408 vicem
928 4347 1064 4434 gerunt
1104 4333 1354 4410 formularum
1397 4331 1701 4409 differentialium
1748 4329 1869 4430 primi

281 4452 434 4552 gradus,
469 4465 582 4554 atque
614 4457 721 4535 verbi
756 4460 881 4561 gratia
914 4464 987 4538 hae
1021 4462 1118 4538 duae
1151 4473 1417 4563 proponantur
1453 4458 1707 4570 conditiones,
1740 4473 1781 4532 ut
1816 4459 1867 4533 sit

503 4599 769 4703 ‹rr-'aet
819 4631 1017 4711 r:a‚
