4260 5686
746 984 792 1096 C
840 989 900 1098 A
947 988 994 1097 P
1045 988 1102 1098 U
1149 990 1246 1098 T·
1307 989 1377 1095 V.

1016 1204 1098 1263 DE

277 1334 669 1414 vialarmua
717 1332 1156 1418 roaMunraun
1203 1318 1650 1425 rurnoarmun
1706 1338 1853 1416 rans

206 1502 208 1506 ‘
358 1483 1281 1574 VARIABILESIN·VOLVENT1UM‚
1329 1481 1404 1558 ΕΤ
1439 1480 1767 1559 DU'PLICEM

593 1632 1000 1711 RELATIONEM
1046 1625 1528 1708 IMPLI'CANTIUM.

744 1978 747 1983 ·
840 1938 1146 2017 Problema
1216 1953 1286 2020 12.

1022 2149 1122 2217 123.

270 2316 489 2457 Proposita
531 2355 693 2430 formula
732 2377 956 2454 quacunque
998 2370 1128 2429 ternas
1162 2353 1367 2434 variabiles
1402 2382 1453 2447 x,
1486 2375 1533 2454 y,
1568 2381 1593 2430 z
1644 2380 1728 2434 curn
1772 2363 1848 2440 auia

182 2539 185 2546 ·
272 2486 590 2577 differentialibus
626 2503 883 2603 cujuscunque
919 2501 1061 2604 gradus
1094 2495 1326 2589 involvente,
1361 2500 1441 2600 ejus
1473 2498 1723 2577 variationem
1756 2505 1849 2580 defi·

270 2647 354 2724 nire
387 2673 433 2723 ex
465 2648 739 2726 variationibus
774 2650 939 2727 omnium
973 2648 1089 2726 trium
1123 2646 1361 2724 variabilium
1395 2645 1630 2723 oriundam'

933 2840 1211 2956 solutio.-

432 3081 486 3157 sit
517 3081 568 3156 W
600 3080 762 3156 formula
802 3081 877 3158 ieta
915 3079 1142 3180 proposita,
1189 3081 1296 3180 cujus
1329 3077 1454 3178 primo
1497 3074 1705 3176 quaeratur
1737 3083 1846 3159 valor

268 3208 444 3282 variatus‘
471 3208 524 3279 W
540 3206 602 3302 -l-
620 3189 723 3299 dW,
776 3206 838 3304 qui
876 3205 992 3281 oritur
1026 3203 1057 3280 ai
1091 3204 1176 3280 loeo
1211 3229 1254 3296 rr,
1287 3223 1327 3299 y,
1361 3229 1387 3277 z
1428 3202 1643 3282 scribantur
1677 3200 1845 3305 ipsarum

270 3335 423 3410 valores
458 3332 594 3408 variati
1001 3408 1004 3415 ,

493 3464 732 3574 aer-lx,
796 3468 1028 3583 r-ldr,
1094 3464 1427 3587 κῴδι’.

271 3618 513 3727 similiterque
549 3653 622 3728 pro
656 3654 788 3707 earum
823 3630 1133 3709 differentialibus

464 3769 553 3858 'aa
590 3793 649 3874 -ι-
681 3762 788 3874 ode,
854 3780 911 3879 br
944 3779 1006 3878 -l-
1038 3769 1148 3878 adr,
1214 3771 1267 3859 ἂι
1301 3789 1363 3866 ÷
1394 3758 1493 3864 tiz,

271 3927 393 4005 etita
426 3948 575 4025 porro:
629 3952 652 4000 a
685 3955 759 4029 quo
795 3929 827 4007 ai
859 3929 943 4030 ipsa
978 3927 1144 4003 formula
1176 3925 1229 3997 W
1265 3927 1483 4013 auferatur)
1521 3924 1733 4000 remanebit
1766 3928 1845 4028 ejus

270 4052 430 4128 variatio
464 4035 553 4125 dW.
621 4053 678 4128 Ex
711 4078 787 4153 quo
823 4052 1044 4156 intelligitur
1086 4056 1186 4127 hanc
1231 4049 1480 4127 variationem
1520 4072 1591 4147 per
1625 4064 1846 4128 consuetam

269 4177 629 4256 differentiationem
664 4180 824 4258 obtineri
857 4185 889 4258 ei
922 4179 1039 4256 modo
1073 4178 1159 4255 loeo
1194 4176 1291 4281 signi
1324 4173 1651 4255 differentiationis
1686 4177 1732 4268 ὸ,
1767 4179 1842 4280 sig·

269 4328 358 4380 num
392 4304 624 4398 variationes
658 4307 748 4410 oapi
781 4318 988 4409 oporteat,
1034 4305 1194 4407 perinde
1227 4328 1325 4397 esse,
1358 4305 1397 4378 in
1431 4324 1595 4401 quonam
1628 4302 1713 4379 loeo
1747 4306 1846 4382 inter

271 4431 597 4510 differentiationis
632 4433 740 4537 signa
775 4433 925 4535 signum
956 4432 1177 4513 variationis
1212 4423 1236 4515 δ
1268 4431 1491 4519 collocetur,
1526 4431 1844 4529 quemadmodum
1944 4477 1946 4480 >
1978 4425 1983 4437 ’

1391 4559 1482 4638 57*
