4266 5700
343 404 396 482 76
891 390 1111 469 CAPUT
1179 390 1243 466 lv.

491 597 1160 711 spdxsz-sxdp,

276 736 395 840 loeo

379 864 381 870 '
500 814 1139 965 zzsooxassrrou'

298 992 347 1069 rit

275 1014 297 1072 e
499 1107 1303 1219 2=ox÷s<rdr-xdu>·

279 1263 639 1381 Similimodoest

496 1384 1312 1494 zzqye-stpox-yoo,

274 1541 632 1618 tumreroetiam

497 1713 524 1766 z
556 1709 724 1789 :rx
755 1701 816 1784 ÷
851 1712 920 1791 rr
959 1680 1220 1787 -stxou
1258 1699 1317 1783 ψ
1348 1676 1491 1790 obn.

276 1851 424 1948 Quibus
463 1882 557 1957 ergo
600 1858 751 1932 casibus
791 1880 866 1928 una
910 1856 1043 1928 harum
1095 1865 1263 1950 quatuor
1313 1852 1564 1928 formularum
1614 1852 1855 1956 integralium

252 1982 451 2058 ‘redditur
484 1983 745 2083 integrabilis,
780 1981 912 2055 iisdem
946 1995 1079 2056 ternae
1112 1979 1281 2076 reliquae
1314 1979 1430 2054 etiam
1462 1979 1757 2079 integrationem
1792 1984 1859 2057 ad·

278 2106 439 2182 mittent.
509 2112 605 2185 Cum
639 2109 751 2210 igitur
785 2110 821 2181 in
857 2107 1043 2206 superiori
1087 2105 1212 2204 capite
1252 2107 1415 2203 primam
1455 2108 1658 2181 formulam
1691 2110 1861 2184 resolve·

272 2234 420 2328 rimus,
467 2237 555 2333 sip
588 2238 649 2310 rel
686 2258 711 2335 q
753 2236 1097 2332 quomodocunque
1136 2233 1246 2307 detur
1285 2255 1356 2328 per
1388 2258 1421 2306 x
1454 2245 1493 2309 et
1523 2256 1580 2331 μς
1627 2232 1680 2307 ita
1721 2235 1859 2311 eodem

274 2361 392 2434 modo
426 2349 639 2436 resolvetur
678 2360 843 2435 formula
877 2361 1072 2449 secunda,
1123 2357 1153 2433 si
1188 2383 1317 2457 q·per
1346 2382 1375 2456 p
1408 2371 1448 2432 et
1479 2384 1534 2456 y,
1586 2357 1697 2435 tertia
1731 2373 1861 2438 autem

274 2484 307 2560 si
334 2509 362 2582 p
394 2511 468 2583 per
499 2511 531 2559 x
566 2499 604 2561 et
636 2510 685 2586 q,
731 2499 771 2561 ut
812 2498 948 2581 quarta
990 2484 1021 2558 si
1055 2485 1116 2557 vel
1148 2509 1182 2558 x
1213 2507 1342 2584 perp
1374 2496 1413 2558 et
1447 2511 1472 2588 q
1504 2485 1565 2562 rel
1595 2505 1625 2580 y
1660 2509 1786 2586 perp
1820 2503 1860 2564 et

275 2634 300 2708 q
335 2623 526 2707 utcunque
565 2613 707 2702 datur;
755 2635 853 2709 quae
888 2610 1131 2706 quaestiones
1165 2635 1254 2684 cum
1289 2611 1519 2713 generaliter
1559 2611 1730 2715 expediri
1765 2637 1859 2712 que·

275 2746 368 2832 ant,
400 2759 467 2814 eas
500 2738 539 2814 in
573 2737 746 2838 sequenti
778 2737 1015 2839 problemate
1049 2736 1285 2814 evolvamus.

717 3101 723 3108 ,
849 3027 1150 3107 Problema
1221 3040 1290 3110 18.

411 3248 513 3317 110.
580 3237 710 3317 Posito
741 3231 1218 3345 dzzpdx-l-qdy,
1251 3241 1282 3318 si
1330 3244 1464 3321 relatio
1498 3245 1596 3321 inter
1623 3271 1663 3346 ρ,
1697 3273 1724 3350 q
1755 3259 1793 3322 et
1826 3273 1870 3323 a:-

278 3365 504 3464 aequatione
529 3390 758 3465 quacunque
792 3367 1001 3460 definiatur,
1038 3369 1205 3444 indolem
1238 3368 1438 3446 functionis
1463 3397 1504 3464 z,
1536 3374 1861 3470 quemadmodum

278 3514 327 3568 ex
358 3491 456 3570 binis
488 3492 731 3570 variantibus
763 3516 796 3565 rc
828 3504 866 3569 et
895 3518 925 3593 y
960 3495 1256 3592 determinetur,
1302 3496 1340 3573 in
1374 3522 1517 3599 genere
1550 3498 1794 3601 investigare.

947 3748 1193 3828 Solutio.

303 4010 309 4025 .
407 3956 466 4034 Ex
511 3957 741 4057 aequatione
790 3958 890 4036 inter
932 3984 989 4060 p,
1031 3988 1056 4063 q
1097 3975 1136 4040 et
1176 3984 1210 4036 :a
1248 3963 1451 4064 proposita
1496 3983 1708 4067 quaeratur
1748 3965 1903 4063 ualort

278 4081 396 4183 ipsius
427 4109 463 4159 a·
500 4085 565 4185 qui
609 4086 796 4164 functioni
837 4087 1002 4188 cuipiam
1048 4091 1220 4189 ipsarum
1254 4115 1285 4191 p
1318 4102 1358 4168 et
1390 4114 1416 4192 q
1454 4095 1690 4196 aequabitur.
1760 4094 1861 4183 Cum

273 4208 356 4310 jam
389 4209 440 4287 sit
476 4254 484 4263 ·
1284 4330 1287 4335 .

504 4384 532 4438 z
563 4386 729 4463 :rx
761 4363 823 4463 ψ
854 4387 922 4466 aa
959 4359 1221 4466 -ftxor
1258 4363 1515 4473 ψνόφ).

280 4516 463 4620 quoniam¹
493 4551 527 4603 x
558 4542 618 4607 est
649 4528 794 4609 functio
826 4534 917 4609 data
951 4533 1120 4634 ipsarum
1147 4559 1177 4635 ρ
1210 4547 1249 4618 ot
1281 4563 1337 4639 q,
1379 4541 1543 4618 formula
1574 4530 1658 4635 adp
1690 4535 1861 4638 integre·
