4260 5686
491 399 565 463 3022
1007 385 1037 458 C
1074 380 1107 454 A·
1138 383 1167 456 P
1201 380 1235 455 U
1265 380 1299 455 Τ
1368 378 1420 456 11.

420 594 734 697 integrationibus
784 588 925 689 aliquid
974 588 1255 669 indeterminati
1300 588 1564 669 introducitur.
1632 592 1707 699 llic
1756 593 1900 672 scilicet
1938 596 2003 673 in·

421 747 556 826 gressa
591 740 649 795 eat
681 720 822 793 functio
856 742 1106 816 quaecunque
1140 718 1259 818 ipsrus
1290 740 1346 815 y,
1391 718 1498 818 cujus
1532 717 1678 797 indoles
1710 742 1781 818 per
1813 743 1856 797 se
1891 722 1996 801 nullu
2028 813 2031 817 ⁴

419 852 537 929 modo
569 843 870 935 determinatur3
917 868 1004 920 cam
1037 867 1188 943 quoque
1227 842 1280 918 ita
1315 842 1520 942 concipere
1562 844 1679 933 licet,
1725 858 1766 920 ut
1803 844 2001 948 descripta

421 999 540 1054 curva
573 994 817 1070 quacunque,
848 968 880 1044 si
912 969 996 1070 ejus
1030 969 1224 1046 abscissae
1257 992 1329 1069 per
1359 993 1389 1067 y
1422 967 1647 1063 iudicentur,
1682 971 1898 1070 applicatae
1931 998 1999 1051 ex·

421 1102 576 1177 hibeaut
615 1094 800 1197 ejusmodi
841 1095 1076 1171 functionem
1114 1094 1230 1194 ipsius
1269 1119 1309 1194 y.
1374 1092 1509 1192 Neque
1549 1121 1641 1171 vero
1684 1118 1782 1196 opus
1823 1110 1909 1190 est,
1955 1120 1999 1177 ut

420 1231 518 1303 baec
545 1247 666 1301 curra
698 1221 747 1298 sit
779 1221 968 1322 regularis
1000 1234 1040 1295 et
1072 1221 1301 1318 aequatione
1325 1222 1504 1320 quapiam
1538 1212 1741 1315 contenta,
1774 1224 1841 1301 sed
1876 1248 1999 1301 curve

419 1372 666 1452 quaecunque
700 1346 821 1422 libero
855 1370 991 1423 manus
1024 1347 1141 1424 ductu
1173 1347 1367 1447 descripta
1401 1348 1564 1422 eundem
1597 1360 1771 1448 praestat
1803 1352 1999 1446 effectum,

315 1566 318 1571 ¹
418 1474 568 1556 etiamsi
599 1473 648 1549 sit
680 1472 842 1549 maxime
875 1472 1123 1574 irregularis,
1172 1486 1211 1548 et
1252 1497 1299 1549 ex
1338 1472 1509 1572 pluribus
1549 1473 1720 1573 partibus
1744 1474 1998 1578 diversarum

334 1612 338 1619 ’
419 1624 623 1682 curvarum
657 1599 848 1681 conflata,
902 1599 1129 1701 Hujusmodi
1163 1600 1376 1678 functiones
1409 1598 1640 1701 irregulares
1673 1600 1870 1698 appellare
1907 1601 1999 1681 licet

417 1726 675 1808 discontinuas
721 1750 788 1800 scu
835 1750 935 1803 nexu
972 1726 1230 1804 continuitatis
1275 1725 1502 1818 destitutas3
1558 1727 1658 1801 unde
1702 1728 1776 1801 boc
1813 1726 1999 1828 imprimis

418 1869 551 1934 notatu
585 1852 740 1953 dignum
772 1845 952 1942 occurrit,
986 1853 1090 1950 quod
1122 1877 1208 1930 cum
1246 1852 1387 1954 prioris
1420 1852 1573 1954 generis
1597 1852 1878 1954 'integrationes
1901 1855 1998 1935 alias

417 1981 631 2060 functiones
677 1992 833 2077 praeter
880 1979 1080 2058 continuas
1122 2003 1201 2056 non
1250 1980 1478 2074 admittant,
1526 1979 1587 2054 hic
1628 1979 1742 2056 etiam
1784 1979 1998 2061 functiones

415 2105 681 2187 discontinuae
713 2105 864 2182 calculo
899 2084 1166 2207 subjiciantur,
1199 2105 1301 2203 quod
1334 2106 1503 2206 pluribus
1536 2104 1745 2209 insignibus
1781 2106 1996 2185 Geometris

417 2235 514 2312 adeo
549 2230 685 2308 calculi
718 2231 912 2333 principiis
946 2231 1146 2310 adversari
1179 2244 1238 2308 est
1269 2231 1403 2310 visum.
1456 2233 1596 2308 Verum
1630 2232 1923 2333 integrationum
1956 2231 1997 2310 in

415 2364 491 2438 hoc
522 2356 692 2435 secundo
727 2356 821 2431 libro
853 2357 1126 2433 tradendarum
1157 2359 1216 2432 ris
1249 2357 1461 2458 praecipua
1494 2354 1532 2434 in
1566 2383 1611 2435 eo
1645 2359 1843 2452 consistit,
1889 2363 1994 2457 quod

415 2485 533 2564 etiam
556 2483 790 2558 functionum
815 2481 1140 2557 discontinuarum
1163 2481 1239 2560 siut
1263 2507 1450 2581 capaces3
1484 2509 1531 2559 ex
1556 2509 1632 2582 quo
1665 2509 1737 2585 per
1760 2486 1860 2560 hunc
1876 2487 1995 2585 quasi

415 2633 557 2687 novum
590 2606 776 2684 calculum
807 2609 902 2685 lines
933 2607 1145 2708 Analyseos
1179 2609 1342 2685 maxime
1373 2611 1540 2711 proferri
1574 2629 1666 2688 sunt
1695 2611 1889 2689 censendi.

1013 2897 1289 2976 Scholion
1358 2908 1398 2977 2.

547 3133 620 3201 8-8.
687 3124 1022 3217 Quemadmodum
1054 3124 1191 3203 deinde
1228 3124 1266 3201 in
1299 3123 1520 3226 vulgaribus
1553 3123 1866 3226 integrationibus
1897 3156 1997 3213 con·

417 3269 524 3327 staus
556 3250 765 3328 arbitrmia
798 3252 991 3353 ingressa,
1024 3275 1179 3353 semper
1210 3277 1258 3328 ex
1291 3252 1416 3327 indole
1439 3251 1717 3350 problematis,
1751 3256 1859 3358 cujus
1892 3262 1996 3337 solu·

417 3376 468 3448 tio
503 3399 550 3450 eo
583 3379 842 3474 perduxerat,
886 3378 1180 3468 determinatur,
1231 3377 1284 3453 ita
1318 3377 1431 3451 etiam
1467 3378 1526 3452 hic
1561 3389 1697 3452 natura
1731 3384 1996 3480 problematis,

417 3502 524 3600 cujus
572 3501 705 3576 solutio
765 3501 974 3602 hujusmodi
1023 3501 1277 3602 integratione
1331 3504 1567 3592 absolvitur,
1626 3526 1780 3606 semper
1826 3508 1996 3587 indolem

417 3623 618 3699 functionis
652 3627 876 3702 arbitrariae
917 3650 987 3725 per
1026 3627 1317 3728 integrationem
1357 3630 1557 3730 ingressae
1590 3629 1868 3714 determinabit.
1935 3637 1996 3713 Ita

417 3751 457 3828 si
482 3749 628 3825 cordae
662 3767 795 3828 tensae
827 3753 950 3852 figura
981 3776 1232 3851 quaecunque
1263 3754 1486 3839 inducatur,
1521 3779 1644 3853 eaque
1674 3757 1796 3833 subito
1827 3755 1996 3839 ‘dimitta-

419 3896 508 3967 tur,
556 3889 598 3949 ut
631 3879 888 3954 oscillationes
929 3893 1122 3980 peragat,
1170 3906 1246 3980 ope
1287 3881 1561 3980 principiorum
1601 3883 1910 3964 mechanicorum
1945 3893 1996 3967 sd

418 3999 578 4100 quodvis
613 4015 762 4101 tempus
796 4005 930 4102 figura,
961 4029 1077 4103 quam
1107 4007 1224 4082 corda
1259 4020 1336 4082 tum
1370 4007 1418 4083 sit
1452 4008 1638 4100 habitura,
1671 4009 1819 4085 deliniri
1843 3990 2020 4113 'potem'

416 4130 563 4223 hocque
597 4128 637 4202 lit
670 4128 856 4230 ejusmodi
888 4129 1162 4229 integratione,
1194 4158 1268 4231 qua
1304 4134 1442 4208 functio
1475 4124 1663 4230 quaedam
1698 4135 1903 4219 arbitraria
1937 4144 1994 4219 iu·

418 4252 653 4346 troducitur3
702 4278 816 4352 quam
850 4267 977 4330 sutem
1009 4257 1190 4356 deinceps
1226 4261 1276 4335 ita
1309 4258 1552 4335 determinari
1586 4261 1797 4356 conuenit,
1843 4282 1884 4342 ut
1918 4294 1992 4368 pro

415 4375 501 4478 ipso
534 4391 660 4456 motus
694 4381 797 4456 initio
831 4381 914 4481 ipsa
955 4381 1017 4457 illa
1060 4386 1179 4482 ligura
1215 4388 1358 4493 cordae
1396 4387 1552 4462 inducta
1586 4386 1780 4483 prodeat;
1828 4409 1868 4467 et
1902 4421 1990 4473 curn

413 4502 552 4582 solutio
583 4504 722 4582 debeat
756 4532 839 4585 esse
873 4511 1080 4608 generalis,
1112 4528 1154 4584 ut
1184 4512 1391 4589 satisfaciat
1423 4515 1567 4614 figurae
1601 4511 1811 4610 cuicunque
1846 4516 1988 4615 initiali,
