4260 5686
766 425 993 503 CAPUT
1056 427 1090 505 1.
1566 442 1651 519 tos

719 635 1013 716 Scholion
1081 651 1122 718 2.

259 845 364 916 244.
432 837 658 917 Praemissis
700 841 758 916 his
799 843 996 943 principiis
1040 857 1082 920 et
1113 810 1544 946 transformationibus,
1591 821 1717 957 nego·

125 970 219 1045 tium
253 968 556 1069 aggrediamur,
597 981 636 1043 et
669 971 870 1046 methodos
904 971 1146 1070 aperiamus,
1185 1000 1233 1051 err
1265 979 1358 1051 data
1394 979 1580 1057 relatione
1613 979 1715 1060 inter

120 1095 305 1174 formulas
330 1096 607 1171 differentiales
639 1097 796 1174 secundi
822 1102 980 1198 gradus,
1012 1117 1051 1175 et
1078 1102 1189 1200 primi
1222 1104 1377 1204 gradus,
1412 1103 1581 1204 itemque
1611 1107 1712 1208 ipsas

120 1225 355 1325 quantitates
389 1223 634 1321 principales,
668 1229 802 1299 harum
837 1227 1007 1326 ipsarum
1051 1228 1274 1306 relationem
1308 1232 1577 1333 investigandi.
1636 1237 1713 1313 Hic

119 1357 278 1441 seilicet,
299 1373 457 1451 praeter
489 1351 595 1452 ipsas
629 1353 865 1450 quantitates
898 1382 944 1445 rc,
978 1379 1006 1451 ts
1039 1370 1076 1430 et
1110 1382 1148 1448 z,
1183 1383 1390 1457 earumque
1423 1362 1607 1440 formulas
1636 1365 1713 1439 dil·

120 1500 342 1578 ferentiales
389 1500 504 1601 primi
555 1496 702 1602 gradus
751 1462 836 1618 (ἐξ)
874 1516 914 1578 et
948 1463 1028 1636 (33)
1076 1506 1383 1584 considerandae
1408 1500 1590 1582 ''veniunt
1633 1512 1714 1585 tr'es

118 1670 308 1746 formulae
340 1671 616 1747 differentiales
650 1671 813 1748 secundi
848 1673 992 1772 gradus
1028 1633 1163 1792 (Ξ-ἰξ),
1208 1633 1331 1808 (gal
1364 1684 1405 1750 et
1435 1632 1565 1804 (gg-Q
1614 1698 1713 1772 qua.
1806 1635 1811 1654 .

116 1845 203 1896 rum
237 1821 297 1897 vel
330 1844 435 1912 una,
482 1818 545 1894 rel
579 1820 719 1912 binae,
767 1821 829 1894 vel
862 1847 994 1898 omnes
1029 1836 1109 1899 tres
1142 1819 1179 1896 in
1213 1822 1439 1897 relationem
1472 1817 1712 1919 propositam

116 1947 269 2050 ingredi
302 1961 492 2049 possunt,
544 1948 607 2026 ubi
640 1949 796 2048 insuper
829 1951 968 2052 ingens
1001 1948 1207 2025 discrimen
1248 1948 1437 2028 formulae
1470 1943 1585 2047 primi
1619 1971 1711 2046 gra·

114 2077 217 2168 dus,
254 2075 337 2152 sive
369 2075 406 2150 in
442 2075 668 2152 relationem
702 2074 967 2178 ingrediantur
986 2136 1004 2168 ,
1029 2077 1112 2152 sire
1143 2101 1270 2168 secus,
1300 2072 1554 2154 constituunt.
1620 2071 1712 2149 Non

115 2204 245 2282 solum
277 2217 408 2279 autem
442 2203 553 2280 nimis
586 2205 746 2304 longum
780 2205 881 2281 soret
914 2227 1050 2282 omnes
1083 2203 1403 2292 combinationes,
1434 2198 1493 2275 uti
1519 2197 1559 2275 in
1592 2223 1709 2302 prae·

113 2331 280 2409 cedente
309 2329 484 2409 sectione
527 2331 715 2424 fecimus,
764 2331 974 2431 prosequi,
1022 2332 1090 2407 sed
1127 2330 1248 2409 etiam
1279 2331 1452 2407 delectus
1483 2325 1709 2405 idonearum

117 2461 389 2537 methodorum
422 2460 608 2563 impedit,
638 2482 716 2560 quo
748 2459 873 2538 minus
907 2459 1057 2562 singula
1096 2459 1368 2560 quaestionum
1404 2455 1480 2532 hue
1514 2455 1711 2555 pertinen-

117 2587 212 2665 tium
251 2612 400 2690 genera
440 2610 724 2687 percurramus.
792 2589 931 2690 Capita
972 2586 1090 2689 igitur
1130 2571 1410 2688 pertractanda
1447 2580 1503 2658 its
1534 2581 1709 2661 institua·

116 2739 231 2810 mus,
263 2728 380 2818 prout
409 2717 614 2792 methodus
645 2716 823 2794 solvendi
854 2713 1051 2820 patietur„
1089 2738 1168 2810 ea,
1207 2713 1273 2793 ubi
1305 2713 1399 2792 nihil
1428 2722 1632 2815 praestare
1665 2705 1708 2782 li·

109 2856 203 2938 cet,
251 2842 405 2947 penitus
436 2844 761 2947 praetermissuri.
1616 2850 1622 2857 ’
