4260 5686
749 1105 1373 1297 cAPuu'i

994 1479 1108 1554 DE

269 1618 577 1738 aonuums
612 1654 1222 1733 ninsananmniaus
1257 1651 1668 1730 functionum
1700 1656 1845 1735 anas

613 1803 984 1880 vania-ninas
1027 1800 1516 1878 invonvunaiuu.
1579 1912 1582 1919 Ι

841 2174 1137 2247 Problema
1210 2182 1276 2250 72.

1012 2507 1114 2578 tao.

272 2754 322 2861 Si
356 2812 379 2860 v
414 2788 460 2861 ait
503 2784 644 2859 functio
680 2808 925 2880 quaecunque
967 2789 1077 2863 trium
1116 2789 1367 2884 quantitatum
1403 2788 1638 2866 variabilium
1676 2814 1718 2874 x,
1751 2809 1779 2885 y
1813 2799 1850 2863 et
1961 2824 1964 2831 v

184 2960 188 2965 ·
273 2962 312 3027 z,
346 2939 424 3037 ejus
458 2933 639 3009 formulas
673 2932 941 3008 differentiales
975 2931 1086 3030 primi
1121 2935 1261 3033 gradus
1295 2936 1486 3013 exhibere.

944 3184 1188 3264 solutio.

434 3357 531 3429 Cum
564 3381 587 3428 v
621 3357 670 3430 sit
703 3355 847 3430 functio
880 3300 992 3430 trium
1025 3354 1260 3432 variabilium
1290 3381 1332 3443 x,
1368 3376 1396 3451 y
1430 3365 1468 3431 et
1502 3379 1552 3444 z,
1597 3354 1627 3426 si
1663 3375 1710 3429 ea
1742 3373 1846 3432 more

276 3483 383 3557 solito
418 3482 718 3572 differentistur,
771 3486 851 3584 ejus
892 3480 1142 3560 differentius
1183 3483 1220 3558 in
1260 3506 1403 3584 genere
1444 3483 1496 3557 ita
1536 3481 1750 3580 reperietur
1784 3506 1848 3560 ex·

269 3616 450 3706 'pressum

501 3728 802 3831 &²2:1²3ae
839 3726 1285 3836 ÷qay÷razss

277 3885 413 3963 Tribus
446 3886 589 3965 seilicet
623 3888 662 3961 id
693 3887 881 3965 constabit
922 3890 1107 3986 partibus,
1140 3914 1302 3989 quarum
1335 3890 1460 3989 prima
1478 3882 1565 3985 ρὸω
1596 3887 1757 3965 seorsim
1789 3889 1846 3964 in·

277 4013 452 4101 venitur,
500 4012 530 4087 si
564 4013 601 4087 in
635 4013 951 4089 differentiatione
993 4017 1076 4093 sola
1107 4018 1299 4113 quantitas
1330 4041 1363 4090 :c
1401 4029 1443 4090 ut
1475 4013 1668 4091 variabilis
1705 4026 1849 4089 tracte·

278 4154 364 4228 tur,
411 4138 506 4212 binis
547 4139 698 4235 reliquis
730 4164 757 4236 y
790 4162 829 4215 et
861 4166 886 4214 z
929 4155 969 4215 ut
1010 4142 1270 4220 constantibus
1316 4140 1509 4241 spectatis.
1580 4137 1694 4214 Simili
1732 4140 1847 4215 modo

194 4291 202 4305 ·
280 4288 370 4362 pars
405 4266 571 4340 secunda
612 4266 709 4362 qbq
748 4265 975 4361 impetratur
1009 4266 1328 4345 differentiatione
1368 4265 1571 4343 functionis
1603 4291 1627 4340 v
1660 4265 1712 4340 ita
1745 4265 1851 4341 insti·

279 4402 378 4477 tuta,
412 4402 453 4465 ut
486 4392 567 4465 sola
601 4392 791 4487 quantitas
823 4415 852 4486 y
885 4413 955 4492 pro
989 4393 1181 4486 variabili,
1215 4394 1327 4471 binae
1361 4392 1529 4490 reliquae
1562 4416 1657 4468 varo
1690 4417 1722 4466 x
1755 4404 1793 4467 et
1826 4417 1851 4465 z

281 4540 354 4611 pro
388 4518 646 4592 constantibus
679 4521 914 4610 habeantur,
955 4521 1055 4617 quod
1090 4520 1189 4597 idem
1224 4521 1272 4597 ds
1305 4532 1418 4622 pnite
1452 4520 1565 4596 tertia
1597 4512 1673 4600 riiz
1705 4532 1763 4596 est
1795 4532 1852 4591 te·

1406 4652 1497 4724 41·
