4260 5686
339 445 426 517 aar
546 414 555 423 ”
898 429 1136 517 carus¹
1191 431 1242 507 n.

860 618 1157 721 ‘Scholion
1229 655 1264 718 t.

438 823 544 902 ltu.
611 815 944 912 Quemadmodum
983 813 1023 905 iu
1063 814 1323 915 praecedente
1360 827 1470 910 parte
1503 813 1724 892 functitmea
1763 817 1868 892 arbi·

277 950 419 1031 trariae
452 946 561 1026 unius
593 941 786 1020 variabilis
820 966 893 1043 per
926 940 1142 1042 applicatas
1159 963 1380 1048 *curvarum
1420 965 1742 1040 quarumcunque
1785 943 1868 1020 sire

272 1076 502 1185 regularium
552 1068 634 1148 sive
683 1067 796 1144 etiam
838 1067 1107 1171 irregularium
1146 1067 1448 1167 repraesentari·
1474 1082 1678 1168 poterant,
1729 1070 1787 1147 ita
1829 1071 1870 1145 in

178 1292 183 1307 ¹
274 1211 348 1285 bac
379 1219 491 1305 parte
525 1195 740 1274 functiones
780 1194 958 1274 binarum
1000 1193 1239 1294 variabilium
1282 1195 1509 1277 arbitrariae
1549 1209 1620 1295 pe‘r
1660 1197 1869 1295 superlici-

275 1358 336 1412 em
368 1353 441 1431 pro
476 1323 594 1402 lubitu
618 1323 853 1424 descriptam
875 1307 1166 1424 'repraesentari
1223 1335 1397 1422 possunt.
1431 1322 1491 1399 Ita
1525 1323 1556 1400 si
1589 1346 1708 1423 super
1733 1321 1867 1422 plano,

275 1462 314 1535 in
356 1480 431 1557 quo
466 1452 577 1530 binae
614 1449 862 1528 coordinatae
893 1477 925 1526 x
959 1464 998 1525 et
1028 1471 1057 1546 y
1091 1470 1200 1526 more
1234 1449 1359 1556 solito,
1380 1459 1648 1542 assumuntur,
1698 1453 1870 1548 superii.

275 1587 353 1664 cies
396 1601 647 1680 quaecunque
695 1600 866 1677 expansa
899 1577 1164 1678 concipiatur,
1216 1576 1332 1653 tertia
1369 1577 1594 1655 coordinata
1640 1575 1869 1654 distantiam

274 1709 448 1814 cujusvis·
473 1703 686 1806 superficiei
719 1706 850 1802 puncti
886 1707 935 1781 ab
968 1702 1031 1780 illo
1066 1703 1198 1804 plano.
1217 1702 1436 1805 designans,
1470 1702 1706 1781 functionem
1730 1727 1877 1800 quam··

276 1861 425 1934 cunque
463 1833 638 1909 binarum
679 1830 918 1909 variabilium
957 1854 989 1903 rr
1023 1840 1062 1906 et
1092 1853 1121 1928 p
1152 1831 1471 1930 repraesentabit.
1543 1829 1706 1927 Hocque
1746 1832 1868 1906 modo

280 1961 477 2066 aptissime
512 1981 606 2035 vera
631 1955 716 2033 idea
749 1957 963 2059 hujusmodi
1013 1955 1251 2034 functionum
1287 1957 1468 2042 ,constitui
1502 1956 1662 2049 ridetur,
1696 1979 1788 2032 cum
1825 1981 1871 2031 ex

174 2181 180 2191 Κ
274 2117 323 2170 ea
354 2112 433 2165 non
465 2080 584 2162 solum
616 2083 714 2161 ratio
749 2086 884 2162 barum
911 2084 1147 2162 functionum
1172 2083 1403 2186 regularium
1436 2086 1503 2160 sed
1533 2083 1647 2176 etiam
1674 2061 1872 2182 irregula-

276 2221 374 2298 rium
405 2206 674 2317 perspiciatur.
1685 2211 1693 2219 “

874 2467 1154 2545 Scholion
1223 2477 1262 2544 2.

447 2647 552 2721 450.
619 2641 692 2716 Hic
727 2639 841 2716 etiam
874 2643 1001 2719 notiri
1034 2631 1225 2733 convenit,
1260 2636 1474 2741 hujusmodi
1508 2635 1725 2717 functiones
1759 2641 1875 2718 bina·

277 2793 368 2846 rum
410 2767 647 2845 variabilium
680 2765 837 2844 infinitis
871 2767 1031 2845 diversis
1064 2767 1187 2846 modis
1222 2768 1336 2843 etiam
1370 2764 1562 2866 designari
1594 2788 1725 2863 posse.
1795 2769 1876 2845 Va·

278 2893 385 2973 riatis
425 2893 525 2972 enim
565 2895 603 2972 in
642 2896 757 2996 plano
798 2906 1009 2973 memorato
1053 2894 1151 2973 binis
1194 2889 1425 2970 coordinatis
1459 2918 1490 2967 x
1526 2906 1563 2967 et
1596 2916 1643 2992 y,
1683 2893 1723 2966 in
1757 2894 1874 2970 binas

280 3022 373 3100 alias
407 3029 422 3097 t
456 3033 495 3099 et
528 3045 566 3115 u,
600 3040 642 3100 ut
673 3024 722 3100 sit

505 3155 618 3226 t:
649 3143 717 3229 ui
747 3165 807 3239 -t-
838 3147 969 3257 ssy'et
1003 3172 1196 3258 usz
1233 3163 1293 3248 -l-
1325 3138 1398 3250 dy,

258 3296 521 3397 'manifestum
540 3328 614 3394 'est
646 3317 879 3410 functionem
912 3317 1087 3396 binarum
1120 3319 1401 3396 variabilium·t
1427 3329 1465 3396 et
1490 3343 1516 3393 u
1539 3341 1606 3394 seu
1628 3317 1726 3406 l':<t
1755 3332 1798 3396 et
1826 3332 1874 3412 u)

279 3444 484 3522 convenire
516 3469 603 3522 eum
637 3444 831 3522 functione
863 3445 1032 3544 ipsarum
1067 3471 1099 3520 x
1131 3457 1172 3521 et
1202 3470 1232 3545 y
1265 3470 1332 3524 seu
1361 3424 1494 3534 'r:<x
1527 3456 1567 3522 et
1598 3453 1675 3543 y);
1709 3445 1872 3525 sienim

147 3675 152 3688 ἱ
280 3571 366 3648 loco
400 3580 416 3644 t
450 3581 489 3646 et
521 3595 548 3644 ιι
580 3571 631 3644 illi
662 3570 815 3649 valores
847 3596 919 3672 pro
952 3598 984 3646 a·
1018 3589 1056 3651 et
1088 3595 1115 3671 y
1148 3573 1424 3651 substituantur
1451 3573 1578 3673 utique
1605 3571 1732 3672 prodit
1756 3575 1872 3651 sunc-

281 3696 334 3771 tio
376 3698 472 3773 duas
517 3708 665 3773 tantum
709 3692 925 3775 variabiles'
961 3727 993 3774 rr
1027 3715 1065 3777 et
1096 3722 1125 3797 y
1157 3699 1369 3802 involvens.
1436 3701 1558 3798 Atque
1590 3698 1711 3774 multo
1745 3717 1874 3798 gene·

194 3835 201 3852 “
281 3823 397 3900 rullus
439 3823 471 3900 si
513 3829 527 3896 t
561 3835 749 3922 aequatur
784 3825 971 3902 functioni
1003 3827 1167 3928 cuipiam
1200 3828 1315 3904 datae
1347 3828 1517 3928 ipsarum
1550 3852 1582 3900 x
1616 3838 1655 3900 et
1685 3848 1726 3922 y,
1761 3829 1874 3924 pari·

273 3960 414 4048 'terque
447 3973 475 4023 ιι
507 3949 735 4051 hujusmodi
754 3949 816 4028 alii
849 3952 1044 4047 functioni,
1076 3965 1156 4030 tum
1188 3953 1308 4042 r:<t
1340 3966 1379 4030 et
1412 3963 1459 4044 ιι)
1496 3954 1599 4030 facta
1632 3952 1873 4030 substitutio·

280 4100 329 4152 ne
364 4075 481 4153 abibit
516 4074 555 4151 in
588 4070 822 4167 functionem
847 4079 1016 4178 ipsarum
1035 4109 1067 4159 rr
1092 4098 1132 4158 et
1152 4101 1182 4179 p
1203 4081 1257 4157 ita
1277 4080 1565 4183 exprimendam
1590 4070 1712 4169 A:(x
1736 4093 1777 4153 et
1802 4090 1874 4178 y);

280 4226 359 4280 non
392 4204 495 4280 enim
527 4226 685 4282 necesse
718 4226 776 4280 est
808 4220 850 4281 ut
882 4206 982 4284 idem
1016 4206 1220 4286 functionis
1253 4211 1455 4285 character
1489 4205 1734 4284 I'rationem
1758 4202 1872 4285 com·

286 4328 487 4426 positionis
538 4331 646 4431 quasi
691 4319 877 4410 denotans
918 4337 1093 4436 utrinque
1127 4334 1176 4411 sit
1207 4332 1320 4424 idem,
1355 4358 1440 4412 cum
1473 4332 1536 4411 hic
1556 4331 1606 4426 wiu
1640 4354 1786 4431 genere
1823 4336 1873 4412 de

283 4453 539 4532 functionibus
590 4455 874 4558 quibuscunque
921 4477 1069 4565 agatur.
1147 4461 1280 4558 Quare
1324 4462 1366 4539 si·
1397 4462 1435 4536 in
1477 4458 1722 4561 sequentibus
1764 4459 1874 4539 sorte

281 4581 468 4685 ejusmodi
502 4583 715 4662 functiones
746 4601 949 4664 occurrant
