4260 5686
295 440 385 552 aas
635 427 638 431 ·
844 428 1071 508 carun
1144 428 1210 509 v1.

231 653 412 731 nitentum
444 657 530 740 est,
569 648 699 723 'sumta
732 668 759 722 z
773 664 779 671 ·
792 655 996 725 constante
1023 645 1113 724 tore
1145 605 1278 766 g-{z
1294 617 1402 782 :9⁷3⁹
1451 641 1667 749 hujusmodi
1700 654 1827 727 auum

234 800 418 880 formulas
451 793 600 874 excludi
634 789 855 887 conveniet,
889 791 1042 890 quando
1075 804 1155 870 tam
1188 818 1215 872 z
1247 816 1364 893 quam
1394 791 1627 877 variationes
1660 775 1729 891 dn,
1763 777 1825 898 dy,

234 943 275 1008 et
307 907 358 1003 δι
388 936 432 1003 ut
465 919 678 1002 functiones
712 917 882 1018 ipsarum
915 944 947 995 x
981 932 1021 997 et
1050 939 1080 1019 y
1111 934 1464 1023 repraesentamus.

828 1167 1145 1266 Scholion.
1183 1197 1223 1263 2.

402 1386 505 1462 lto.
572 1383 631 1460 Ex
671 1382 895 1459 Geometria
943 1385 1018 1462 hoc
1065 1393 1333 1489 argumentum
1379 1384 1500 1462 multo
1548 1379 1695 1462 clarius
1743 1381 1826 1461 illu·

235 1527 361 1592 strare
394 1510 496 1588 licet.
561 1512 761 1586 Denotent
792 1510 894 1587 euim
929 1522 1010 1589 tres
1042 1526 1199 1595 nostrae
1232 1508 1438 1589 variabiles
1473 1536 1519 1606 n,
1551 1531 1593 1609 y,
1626 1534 1655 1586 z
1695 1520 1825 1589 ternas

236 1637 486 1719 coordinatus
518 1637 618 1729 AX,
651 1635 755 1729 XY,
788 1637 882 1727 YZ,
932 1634 1031 1717 iuter
1073 1663 1169 1739 quas
1210 1639 1388 1740 aequatio
1435 1636 1641 1740 proposita
1679 1648 1823 1715 cenam

235 1766 428 1865 quandam
461 1760 702 1867 superficiem
735 1763 973 1866 assignabit,
1022 1765 1061 1842 iu
1096 1791 1173 1865 qua
1208 1767 1387 1844 ordinata
1416 1766 1485 1842 YZ
1504 1758 1609 1844 ἐκ
1642 1764 1822 1843 termina·

234 1892 349 1987 bitur,
383 1916 483 1991 quae
517 1891 647 1990 utique
680 1901 864 1988 tanquam
897 1902 1004 1968 certa
1036 1890 1181 1970 functio
1214 1893 1392 1970 binarum
1424 1892 1659 1992 reliquarum
1675 1891 1823 1970 szn

234 2033 279 2099 et
305 2019 489 2118 XYzy
520 2015 693 2119 spectari
724 2031 875 2119 potest,
912 2019 966 2098 ita
998 2032 1040 2097 ut
1073 2020 1208 2099 sumtis
1239 2045 1314 2122 pro
1349 2021 1469 2099 lubitu
1500 2017 1692 2099 bisbinis
1724 2042 1761 2095 ω
1788 2031 1825 2096 et

232 2170 291 2246 y,
342 2147 455 2224 tertia
487 2146 554 2222 YZ
572 2166 634 2224 ..··:
652 2171 679 2221 z
731 2169 778 2222 ex
812 2147 1038 2246 aequatIone
1077 2150 1281 2249 proposita
1320 2145 1608 2226 determinetur.
1676 2145 1823 2242 Quodsi

229 2274 314 2376 jam
348 2273 424 2350 alia
456 2271 682 2370 superficies
724 2295 976 2373 quaecunque
1019 2274 1260 2376 concipiatur
1303 2277 1353 2351 ab
1393 2275 1467 2352 ista
1498 2273 1643 2351 infinite
1683 2297 1823 2374 parum

235 2401 485 2499 discrepans,
516 2423 638 2497 eaque
672 2398 726 2475 ita
759 2424 846 2477 cum
880 2404 953 2477 hac
988 2412 1259 2500 comparetur,
1300 2413 1339 2479 ut
1373 2403 1454 2505 ejus
1488 2411 1673 2499 punctum
1707 2398 1824 2499 qnod·

232 2526 351 2606 riez
388 2551 476 2606 eum
516 2525 741 2627 propositae
773 2541 917 2627 puncto
949 2529 981 2603 Z
1021 2529 1273 2624 conferatur,
1320 2531 1375 2605 ita
1407 2541 1535 2605 tamen
1568 2539 1611 2604 ut
1642 2526 1824 2603 internal-

232 2656 311 2731 lum
344 2656 403 2735 Zz
435 2653 485 2731 sit
516 2676 673 2755 semper
704 2651 851 2732 infinite
882 2678 1076 2756 parvum,
1118 2656 1355 2739 variationes
1386 2654 1440 2733 ita
1470 2653 1823 2760 repraesentabun-

231 2791 322 2874 tur,
370 2792 412 2857 ut
444 2779 495 2857 sit

457 2908 1115 3018 lazaro-nxzxa,
1181 2914 1620 3024 syzxy-xr
1688 2936 1729 3003 et

1182 3034 1636 3150 &zm-w

232 3213 393 3280 etcum
426 3205 514 3283 hae·
532 3199 765 3278 variationes
797 3223 958 3302 prorsus
991 3199 1149 3278 arbitrio
1182 3214 1318 3280 nostro
1351 3200 1652 3303 permittantur,
1695 3228 1821 3304 neque

230 3329 308 3407 ullo
350 3332 468 3410 modo
509 3353 534 3406 a
573 3352 617 3408 se
648 3316 813 3406 invicena’
843 3327 1064 3428 pendeant,
1111 3352 1183 3405 eae
1225 3328 1340 3408 etiam
1373 3342 1559 3428 tauquam
1599 3331 1823 3410 functiones

230 3454 408 3535 binarum
453 3484 486 3534 :c
518 3469 618 3555 ety
666 3455 836 3558 spectari
876 3467 1065 3556 possunt,
1114 3454 1228 3555 idque
1274 3458 1329 3534 ita
1360 3468 1403 3534 ut
1453 3456 1559 3535 nulla
1599 3482 1624 3533 a
1664 3456 1823 3555 redonis

233 3583 414 3678 pendeat,
450 3584 519 3661 sed
549 3608 800 3684 unaquaeque
834 3609 906 3684 pro
940 3582 1100 3660 arbitrio
1132 3585 1222 3689 fingi
1249 3597 1377 3685 queat.
1444 3582 1546 3681 Quin
1579 3578 1701 3661 etlam
1732 3584 1823 3663 hirae

212 3705 477 3810 intelligitur,
527 3708 711 3806 quoniam
749 3709 972 3811 superficies
1011 3707 1187 3810 proxima
1234 3739 1257 3791 a
1295 3711 1500 3819 proposita
1539 3711 1694 3791 diversa
1735 3735 1825 3791 eaoe

229 3831 372 3929 debet,
422 3835 643 3936 neutiquam
673 3837 766 3923 soro,

455 3967 507 4062 δῖ
536 4004 600 4066 :-
627 3973 711 4086 {13ae
744 3991 808 4089 'i'
837 3974 933 4090 p‘dy
947 4047 958 4080 ν

230 4130 415 4233 siquidem
445 4160 520 4236 pro
552 4138 757 4238 superficie
791 4139 992 4241 proposita
1026 4140 1139 4218 merit

454 4275 509 4366 dz
541 4306 604 4363 z:
631 4277 720 4383 uda
751 4289 815 4383 -Ι-
842 4276 968 4389 puy,

231 4427 396 4528 alioquin
426 4447 611 4530 punctum
643 4461 670 4511 z
702 4434 800 4511 foret
832 4435 870 4513 in
905 4439 1041 4517 eadem
1075 4440 1310 4541 superficie,
1352 4465 1399 4520 ex
1431 4464 1511 4540 quo
1543 4439 1703 4519 omnino
1738 4455 1825 4523 ter·

228 4577 301 4636 aaa
333 4557 550 4640 turonoues
582 4560 753 4665 ipsarum
784 4588 817 4641 n
850 4579 890 4645 et
921 4591 950 4666 y
984 4593 1060 4670 pro
1090 4568 1375 4649 variationibus
1404 4550 1483 4664 dx,
1513 4552 1569 4671 dy
1594 4581 1639 4647 et
1670 4560 1728 4655 dv
1765 4570 1824 4646 ita
