4260 5686
254 423 257 427 ’
363 446 452 529 aas
934 434 1161 516 canor
1227 438 1258 513 1.
1399 403 1403 412 ’

298 655 459 743 marini,
481 654 679 741 minimive
712 653 929 759 cujuspiam
959 651 1199 753 proprietate
1233 651 1283 730 sit
1314 653 1502 754 praedita,
1536 666 1618 732 tum
1651 662 1775 737 multo
1810 683 1896 738 rna-

298 788 358 892 gis
389 784 463 863 crit
493 780 754 863 necessarium
786 793 866 858 tam
898 779 1055 881 siugulis
1086 778 1271 858 abscissis
1305 779 1381 856 AX
1417 803 1531 878 quam
1565 784 1768 885 applicatis
1802 785 1845 865 X
1858 788 1895 863 Y

298 911 531 991 variationes
562 932 822 1008 quascunque.
841 907 945 984 nulla
976 907 1078 1007 lege.
1102 904 1308 989 adstrictas
1340 906 1379 983 in
1414 907 1562 1011 adculo
1598 910 1812 1013 assignari,
1849 927 1896 991 ut

296 1039 484 1140 ,deneeps
517 1048 597 1113 tarn
630 1036 690 1112 ad⁴
712 1034 808 1111 initii
846 1037 881 1111 G
913 1057 1058 1112 curvae
1091 1031 1310 1132 quaesitae,
1354 1057 1470 1131 quam
1502 1037 1586 1137 ejus
1620 1038 1705 1115 finis
1738 1036 1796 1116 Μ’
1818 1063 1894 1119 va·

302 1141 501 1249 titutionem
534 1161 736 1241 transferri
778 1160 939 1261 possint
988 1159 1253 1257 ,Quanquam
1294 1173 1422 1237 autam
1462 1163 1558 1238 haec
1596 1161 1801 1243 illustratio
1843 1191 1896 1244 ex

301 1291 525 1375 Geometria
558 1303 617 1368 est
651 1289 846 1380 desumto,
895 1298 1026 1364 tamen
1065 1286 1178 1365 facile
1219 1285 1438 1388 intelligitur
1470 1285 1596 1365 ideam
1621 1290 1894 1370 ,sartationum

298 1423 389 1498 inde
422 1418 583 1519 petitam
616 1415 735 1492 multo
772 1414 883 1494 latius
915 1428 1071 1511 patere,
1119 1425 1234 1510 atque
1267 1413 1305 1489 in
1339 1414 1496 1512 Analysi
1529 1417 1706 1494 absoluta
1738 1440 1894 1497 summo

299 1571 373 1627 usu
404 1567 484 1627 non
516 1566 602 1620 esse
636 1540 854 1619 carituram.
933 1533 1216 1620 Celeberrimos
1249 1554 1377 1614 autem
1410 1541 1459 1613 de
1490 1541 1528 1616 la
1563 1544 1749 1644 Grange‚
1798 1568 1895 1623 acu.

298 1667 478 1757 tissimus¹
498 1667 709 1755 Geometra
739 1662 1008 1756 Taurinensis,
1057 1664 1118 1739 cui
1156 1661 1301 1762 primas
1335 1651 1615 1764 speculationes
1653 1670 1703 1747 de
1738 1671 1895 1749 calculo

299 1793 553 1872 variationum
586 1805 770 1889 acceptas
804 1792 951 1867 referre
983 1788 1183 1881 debemus,
1236 1794 1338 1867 hane
1378 1792 1599 1867 methodum
1639 1792 1738 1869 adeo
1781 1790 1895 1897 inge·

300 1919 512 2000 niosissime
532 1919 736 2003 ‚transtulit
770 1918 819 1993 ad
853 1917 971 1993 lineas
1012 1939 1092 2003 non
1136 1916 1335 1994 continuas
1371 1917 1485 1996 veluti
1520 1919 1569 1992 ad
1600 1921 1893 2019 polygonorurn
1928 2009 1933 2031 Ι

300 2071 421 2151 genus
454 2045 692 2137 referendae,
727 2044 765 2118 in
798 2068 874 2141 quo
910 2041 1066 2146 negotio
1101 2043 1378 2144 haeduplices
1413 2043 1645 2124 variationes
1677 2045 1750 2145 ipsi
1787 2071 1895 2132 surn-
1928 2037 1935 2104 ἶ

299 2199 402 2253 mam
434 2172 709 2274 praestiterunt
743 2169 955 2250 utilitatem.

882 2474 1188 2582 Definitio
1257 2517 1297 2580 3.

468 2710 546 2775 12.·
605 2701 761 2774 Relatio
811 2703 915 2774 inter·
961 2707 1041 2774 tres
1079 2663 1320 2799 ‘uariabilem
1371 2697 1526 2775 duabus
1574 2699 1896 2802 aequationibus

300 2830 586 2917 determinata,
633 2828 793 2900 variari
832 2825 998 2919 dicitur,
1030 2832 1088 2900 'si
1128 2850 1270 2901 earum
1310 2825 1373 2899 vel
1404 2849 1510 2918 una,
1560 2829 1624 2902 vel
1654 2827 1781 2920 duae,
1830 2829 1899 2903 vel

299 2960 436 3032 cinnes
469 2962 556 3028 tres*
577 2953 788 3050 particulis
821 2954 979 3054 infinite
1007 2958 1149 3053 parvis
1183 2960 1434 3049 auqeantur,
1481 2976 1584 3052 quae
1625 2936 1770 3030 earum
1813 2978 1894 3030 va·

297 3088 491 3159 riationas
524 3079 785 3178 appellantur.

908 3337 1277 3486 Eriplicatio.

466 3599 533 3666 ts.
580 3591 678 3666 Cum
691 3602 770 3668 tres
789 3608 1057 3693 proponantur
1081 3593 1283 3670 variabiles
1304 3594 1535 3694 quantitates
1550 3592 1665 3669 veluti
1678 3617 1723 3684 a,
1739 3613 1768 3689 9
1786 3612 1833 3667 et
1850 3614 1890 3679 z,

299 3717 398 3792 inter
419 3730 524 3812 'quas
558 3718 655 3793 duae
688 3717 935 3816 aequationes
968 3720 1061 3827 dari⁸
1084 3718 1367 3820 concipiuntur,
1401 3744 1449 3797 ex
1481 3741 1708 3818 unaquaque
1747 3740 1890 3794 earum

284 3834 407 3919 ¹binas
447 3841 612 3941 reliquas
651 3843 907 3922 determinare
949 3847 1057 3942 lieet,
1104 3848 1158 3924 ita
1199 3859 1240 3922 ut
1279 3862 1358 3925 tam
1397 3870 1426 3945 9
1472 3871 1594 3946 quam»
1628 3871 1655 3921 z
1694 3864 1888 3943 tanquam

298 3968 441 4047 innodo
481 3968 599 4069 ipsius
636 3995 671 4046 a
708 3973 876 4073 spectari
917 3972 1053 4074 possit.
1134 3975 1222 4051 Hoc
1264 3987 1391 4051 autem
1437 3976 1554 4050 modo
1595 3969 1743 4050 deliniri
1783 3970 1889 4048 solet

292 4097 397 4173 -linea
430 4120 550 4173 curva
580 4121 659 4175 non
691 4097 735 4199 in
763 4101 898 4176 eodem
929 4102 1045 4202 plano
1077 4100 1284 4199 descripta,
1317 4102 1408 4177 dum
1439 4101 1589 4201 singula
1622 4100 1702 4202 ejus
1730 4115 1886 4197 puncta

295 4248 368 4324 per
415 4225 484 4301 has
531 4235 662 4302 ternas
709 4226 952 4305 coordinatus
1001 4254 1054 4321 a,
1099 4249 1128 4325 9
1169 4240 1208 4304 et
1244 4249 1272 4302 z
1310 4252 1420 4303 more
1466 4226 1579 4327 solito
1621 4222 1884 4324 assignantur.

299 4349 448 4442 Quodsi
484 4352 566 4452 jam
603 4350 689 4429 talis
728 4376 849 4429 curva
891 4353 967 4430 alia
998 4355 1224 4453 quacunque
1258 4352 1328 4431 sibi
1362 4353 1538 4454 proxima
1570 4351 1789 4440 comitetur,
1840 4366 1886 4426 ut

278 4475 513 4553 differentia
544 4477 593 4554 sit
624 4477 767 4556 infinite
800 4504 941 4580 parva,
986 4484 1089 4559 'haee
1127 4503 1230 4558 nova
1270 4504 1389 4557 curva
1425 4481 1652 4581 propositae
1693 4477 1769 4555 erit
1812 4499 1886 4554 va.-

295 4601 407 4699 riata,
440 4625 487 4683 ac
518 4603 652 4682 relatio
683 4605 747 4682 illa
780 4605 879 4684 inter
911 4620 1041 4687 ternas
1073 4606 1276 4685 variabiles
1307 4634 1353 4701 a,
1384 4632 1424 4705 9,
1459 4632 1486 4682 z
1517 4606 1666 4682 variata
1696 4605 1781 4705 ejus
1808 4626 1888 4680 na·
