4260 5686
557 858 1238 1058 cupnrrn

848 1162 929 1221 „s

99 1296 454 1376 vnamrtonr
488 1299 887 1376 rounmaamn
914 1292 1315 1417 rurseunmun
1350 1293 1693 1373 srnrttctun

326 1414 373 1471 ⁴
438 1452 568 1528 ouis
605 1454 907 1532 vrmmnmzs
941 1449 1356 1529 turotvrrrtutn.

687 1748 994 1826 Definitio
1065 1755 1105 1825 6.

776 2008 777 2012 ,
870 1957 941 2030 70.

106 2124 364 2232 Formarum
399 2163 636 2259 iuleqrnlern
668 2165 884 2261 simplicem
917 2164 983 2237 bie
1017 2164 1188 2261 appello,
1225 2187 1328 2259 qrrae
1362 2163 1476 2236 nulla
1510 2164 1596 2271 ulia
1630 2169 1691 2237 in·

108 2306 284 2403 teqralr'a
325 2312 368 2383 in
410 2334 451 2385 se
484 2313 676 2403 involuit,
721 2313 793 2388 sed
823 2313 1053 2411 simpliciter·
1088 2310 1284 2408 inteprale
1325 2304 1453 2402 refert
1475 2311 1691 2404 formulae

108 2451 414 2552 differentialis,
457 2467 618 2556 praeter
660 2459 776 2536 birras
820 2460 1033 2537 variabiles
1072 2481 1361 2561 quaecunquae
1403 2479 1547 2531 earum
1579 2455 1692 2554 diffe-

107 2604 301 2680 rentialia
334 2608 635 2703 complectentis.

638 2864 1047 2963 Corollarium
1120 2875 1158 2953 1.,

276 3037 347 3110 71.
416 3030 451 3106 Si
486 3055 580 3133 ergo
612 3060 646 3121 ,sc
679 3054 718 3108 et
749 3059 778 3133 y
819 3037 894 3110 sint
926 3035 1037 3110 binae
1071 3031 1289 3118 variabiles,
1330 3029 1492 3104 formula
1526 3030 1693 3128 integra-

108 3159 154 3236 lis
178 3160 272 3260 sW
305 3158 376 3232 erit
409 3158 589 3259 simplex,
635 3161 664 3236 si
702 3162 898 3261 expressio
933 3163 985 3234 W
1019 3176 1173 3259 praeter
1206 3161 1275 3233 has
1309 3154 1511 3231 variabiles
1545 3173 1692 3229 tantum

109 3311 242 3363 earum
276 3285 569 3376 differentialis,
618 3288 876 3389 cujuscunque
911 3289 1049 3364 fuerint
1080 3287 1249 3375 ordinis,
1302 3282 1528 3378 contineat,
1570 3305 1694 3379 neque

110 3426 314 3514 praeterea
350 3412 443 3489 alias
478 3416 661 3492 formulas
697 3417 904 3517 integrales
941 3417 977 3491 in
1012 3440 1053 3493 se
1088 3416 1272 3519 implicet..

649 3672 1044 3748 Corollarium
1114 3683 1154 3749 2.

238 3900 242 3907 .
275 3845 295 3918 7
306 3849 345 3915 2.
411 3840 525 3933 Quod
558 3842 588 3918 si
623 3866 719 3943 ergo
754 3856 965 3918 statuamus
1085 3884 1087 3888 ·

316 3983 639 4088 ‘82:1de
706 3992 759 4088 ἂρ
794 3983 1001 4090 zeba,
1069 3984 1356 4087 ἂηῑνόκ,
1407 4006 1481 4066 ete.
1581 4038 1584 4043 -

106 4144 150 4208 ut
184 4135 332 4233 speeies
374 4136 679 4214 differentialium
722 4140 905 4229 tollatur,
956 4137 1136 4238 quoniam
1174 4138 1380 4239 integratio
1424 4134 1581 4233 requirit
1615 4137 1694 4212 sor·

107 4260 248 4335 mulam
290 4260 615 4357 differentialem,
668 4266 865 4366 expressio
909 4265 971 4340 illa
1005 4267 1055 4338 W
1098 4282 1254 4365 semper
1295 4265 1501 4340 reducetur
1543 4266 1591 4339 ad
1626 4266 1694 4337 hu·

103 4390 271 4490 jusmodi
322 4391 482 4466 formam
528 4387 676 4482 Vde,
729 4396 911 4468 existente
953 4392 985 4466 tt
1035 4393 1232 4470 functione
1272 4388 1522 4489 quantitatum
1564 4417 1615 4483 rc,
1648 4414 1695 4487 y,
1756 4377 1760 4389 ¹

104 4541 158 4614 p,
208 4541 261 4617 q,
312 4531 384 4594 ete.
