4260 5686
980 270 996 309 t

795 364 1021 445 CAPUT
1083 362 1116 444 1.
1592 369 1647 442 26

690 606 693 611 ·
775 579 1069 660 sebo-lion.

262 774 336 851 27.
401 768 497 842 Cum
531 762 643 865 igitur
691 761 939 861 aequationes
977 759 1250 840 differentiales
1297 773 1378 840 tres
1412 760 1615 839 variabiles
1653 759 1712 837 in·

129 896 331 973 volventes
366 894 509 971 nullam
550 893 718 967 habeant
756 888 1012 964 difficultatem
1052 886 1123 963 sibi
1156 889 1355 989 propriam
1368 944 1384 983 ,
1431 889 1611 986 quoniam
1644 909 1709 963 ea·

128 1045 215 1097 rum
248 1014 450 1111 resolutio,
481 1014 665 1114 siquidem
699 1012 839 1090 luerint
868 1015 1020 1109 reales,
1053 998 1205 1115 se'mper
1240 1014 1290 1090 ad
1323 1015 1567 1113 aequationes
1600 1014 1724 1090 dire·

128 1146 310 1225 rentiales
341 1148 503 1222 duarum
534 1141 771 1234 satiabilium
811 1143 941 1219 reduei
974 1152 1134 1242 potest;
1182 1142 1256 1218 hoe
1293 1146 1560 1243 argumentum
1580 1138 1711 1233 ,fusius

128 1298 211 1351 nou
241 1295 470 1373 prosequor.
537 1269 652 1364 Quod
692 1268 793 1344 enim
839 1269 889 1343 ud
930 1267 1116 1371 ejusmodi
1146 1267 1401 1368 ,aequatioues
1440 1264 1724 1344 differentiales·

129 1399 245 1475 trium
278 1395 515 1474 variabilium
553 1395 710 1488 attinet,
755 1394 793 1470 in
827 1397 962 1494 quibus
995 1394 1079 1493 ipsa
1111 1394 1378 1475 differentialis
1412 1397 1461 1471 ad
1494 1395 1623 1496 platea
1654 1388 1721 1466 dis·

129 1523 350 1602 mensiones
383 1523 622 1616 ascendunt,
667 1519 781 1597 veluti
815 1539 874 1600 est

229 1695 334 1788 Ρὸω2
353 1735 398 1785 ÷
420 1694 770 1803 Qay²÷1tbz²÷
791 1699 957 1806 2dedy
977 1734 1023 1786 a·
1042 1701 1216 1791 aldoedz
1229 1733 1278 1788 -t-
1299 1701 1473 1807 2dedz
1489 1731 1550 1786 z
1572 1716 1611 1799 0,

126 1891 178 1967 de
221 1891 264 1968 iis
305 1888 515 1989 generatim
558 1889 763 1965 tenendum
806 1900 891 1982 eat,
941 1887 1013 1967 nisi
1054 1917 1125 1994 per
1165 1890 1305 1970 radicis
1345 1890 1619 1971 extructionem
1662 1888 1711 1964 ad

129 2018 298 2093 sormam

355 2159 574 2261 Pdoe-l-
608 2156 1172 2262 Quae-Rama,
1247 2193 1249 2198 ·

129 2334 265 2410 reduci
305 2352 475 2432 queant,
520 2359 588 2412 eas
632 2355 786 2431 semper
826 2352 911 2407 esse
954 2334 1150 2412 absurdas.
1219 2335 1574 2434 Quomodoeunque
1611 2333 1712 2410 enim

133 2461 312 2565 aequatio
346 2459 542 2563 integralis
575 2473 678 2536 esset
712 2471 970 2556 comparata,
1016 2480 1062 2536 ex
1096 2486 1143 2538 ea
1175 2463 1286 2538 valor
1324 2461 1441 2562 ipsius
1473 2488 1500 2537 z
1533 2461 1585 2537 ita
1618 2460 1714 2537 ded·

127 2585 204 2660 uiri
244 2601 403 2686 posset,
449 2605 491 2666 ut
533 2613 559 2662 z
600 2607 785 2684 aequetur
827 2583 1009 2660 functioni
1051 2589 1226 2666 binarum
1265 2587 1501 2664 variabilium
1536 2614 1569 2664 x
1602 2599 1642 2665 et
1673 2608 1714 2684 y,

127 2711 232 2787 unde
269 2713 372 2789 foret
412 2702 888 2812 dzzpdx-l-qdy3
938 2736 1065 2813 neque
1104 2717 1177 2792 bae
1208 2714 1411 2791 variabiles
1442 2740 1475 2789 x
1508 2731 1547 2790 et
1577 2741 1607 2814 p
1637 2713 1714 2789 ullo

130 2837 248 2915 modo
288 2863 312 2914 a
349 2863 391 2918 se
435 2821 661 2942 penderent.
730 2838 806 2915 Hie
839 2861 942 2940 ergo
981 2843 1091 2918 valor
1129 2834 1425 2942 pha-l-qdp
1465 2841 1552 2919 loeo
1585 2835 1644 2925 da
1676 2839 1715 2915 in

131 2966 357 3062 aequatione
390 2966 633 3044 differentiali
669 2962 921 3060 substitutus,
952 2964 1006 3042 ita
1039 2969 1261 3046 satissaeere
1295 2967 1475 3063 deberet„
1504 2982 1546 3044 ut
1579 2989 1713 3047 omnes

129 3091 354 3168 taminiae
387 3107 517 3172 mutuo
551 3093 824 3186 destruerent,
872 3092 978 3192 quod
1013 3108 1137 3171 autem
1172 3092 1256 3171 lieri
1287 3115 1366 3170 non
1399 3106 1558 3195 postet,
1601 3095 1633 3172 si
1666 3116 1714 3169 ex

129 3218 367 3315 aequationis
400 3220 635 3298 resolutione
667 3210 721 3300 dz
751 3215 805 3294 ita
836 3216 1085 3313 delinimur,
1123 3234 1166 3297 ut
1197 3218 1469 3297 differentialis·
1497 3213 1558 3302 aa
1589 3235 1630 3296 et
1660 3213 1716 3316 dy
1867 3255 1873 3265 ·

129 3342 248 3445 siguis
279 3345 507 3428 radientibus
549 3357 679 3424 essent
719 3344 901 3422 involuta.
968 3344 1070 3423 Hine
1104 3341 1282 3444 aequatio
1322 3341 1386 3422 illa
1424 3346 1590 3448 ,exempli
1623 3344 1712 3423 loeo

132 3469 279 3562 allata,
311 3498 398 3552 euru
431 3502 503 3576 per
535 3469 808 3554 resolutionem
840 3474 907 3551 det
1135 3463 1140 3471 ’

192 3646 246 3734 ὸΖ
259 3677 322 3732 ::
333 3604 877 3721 -τὸκ-νᾶ-γςψνῑττέη)
889 3619 1187 3777 arque-ns)
1202 3627 1418 3723 aaeay÷gvv
1432 3659 1471 3674 -
1483 3628 1639 3718 qnmjr
1656 3718 1668 3754 ν

131 3815 245 3894 realis
276 3840 362 3913 esse
393 3819 539 3917 nequit,
572 3822 643 3900 uisi
676 3824 784 3901 radix
812 3824 960 3903 extrahi
987 3850 1116 3924 queat,
1150 3833 1224 3909 lroe
1256 3842 1320 3910 est
1347 3835 1418 3911 nisi
1450 3839 1536 3929 ipsa
1570 3853 1712 3930 aequa·
1851 3852 1854 3858 ’

130 3943 185 4018 tio
219 3944 256 4020 in
290 3946 459 4021 faetores
495 3945 644 4026 formae

357 4083 476 4171 Pda
511 4109 570 4183 -t·
603 4091 724 4198 Qdu
762 4115 819 4187 -t-
852 4094 998 4198 Rdz,

128 4250 274 4325 resolvi
307 4257 439 4354 poesia
506 4264 631 4362 A'tque
661 4265 812 4344 etiamsi
846 4271 921 4348 boe
954 4274 1117 4369 eveniat.
1153 4290 1191 4353 et
1224 4277 1261 4354 bi
1295 4276 1465 4359 faetores
1497 4278 1614 4360 nibilo
1649 4306 1712 4361 ae·

129 4375 265 4475 quales
297 4393 529 4474 statuantur,
565 4392 695 4469 tamen
729 4394 908 4494 equatio
941 4421 1017 4476 uon
1050 4401 1124 4479 erit
1155 4403 1283 4498 realis,
1317 4405 1402 4482 uisi·
1422 4406 1617 4485 criterium
1651 4434 1714 4488 su·

130 4525 209 4602 pra
230 4506 422 4710 ἆῖἀίῑᾶῗι
456 4509 593 4613 loeutu-
624 4519 777 4599 babeat.
843 4521 902 4600 Ex
936 4526 995 4653 itis
1034 4529 1287 4630 perspicuum
1318 4549 1396 4630 ert,
1443 4554 1512 4736 aq·=
1527 4537 1712 4638 ejusmodi
