4260 5686
393 439 480 513 loo
952 425 1174 510 CAPUT
1238 425 1289 503 lt.

326 623 692 704 differemiationem
733 633 1042 720 promoverem.
1111 617 1242 713 Veluti·
1272 618 1314 694 iu
1356 621 1480 720 figure
1512 637 1739 722 expuncto
1775 625 1809 698 Y
1845 624 1927 724 pri·

327 781 391 831 mo
427 778 497 852 per
530 746 893 844 differentiationem
922 732 1146 846 pervenitur
1179 745 1218 820 in
1250 739 1312 837 Y‘,
1345 745 1433 824 hine
1460 771 1551 825 vero
1572 771 1645 848 per
1667 749 1926 827 variationem

331 885 368 957 in
400 876 468 979 y':
511 880 662 954 inverso
705 887 834 952 autem
868 871 1001 949 ordine
1034 871 1200 972 primum
1232 896 1278 948 ex
1311 883 1455 972 puncto
1489 864 1523 950 Y
1558 899 1632 975 per
1664 875 1925 954 variationem

330 1007 551 1109 pervenitur
592 1005 631 1080 in
671 1013 730 1100 y,
782 1000 869 1078 hinc
901 1021 1005 1077 vero
1048 1023 1121 1099 per
1159 998 1520 1079 differentiationem
1561 1001 1599 1077 iu
1641 1015 1829 1102 puuctum
1872 1000 1926 1102 μ’,

329 1137 428 1212 idem
462 1133 565 1231 quod
597 1110 714 1207 antes
813 1227 815 1229 ι
1556 1114 1563 1120 ’

925 1339 1205 1417 Scholion
1274 1351 1314 1417 2.

498 1523 569 1592 43.
634 1512 851 1588 Themetra
890 1510 963 1585 lio'o
1004 1508 1187 1586 lrtissime
1211 1520 1357 1609 'prtem
1406 1510 1664 1608 nequeenim
1703 1513 1765 1586 ad·
1786 1532 1928 1589 canem

332 1648 493 1723 duarum
534 1638 772 1716 variabilium
813 1649 962 1713 tantum
994 1635 1257 1737 restringitur,
1299 1638 1368 1713 sed
1400 1638 1552 1713 veritati
1585 1655 1646 1715 est
1676 1638 1797 1716 etiam
1826 1662 1927 1716 eon·

333 1789 575 1858 sentaneum,
617 1776 862 1864 quotcunque
903 1762 1107 1839 variabiles
1147 1764 1188 1838 in
1213 1765 1407 1840 ealculunr
1442 1764 1715 1864 ingrediantur,
1749 1768 1926 1864 quando·

335 1899 486 1999 quidem
525 1894 565 1971 in
602 1890 929 1969 demonstratione
969 1890 1082 1966 solius
1124 1889 1220 1966 illius
1258 1891 1452 1968 variabilis
1485 1893 1593 1994 eujus
1626 1909 1706 1969 tam
1740 1892 1928 1970 differem·

330 2027 420 2104 tiale
456 2046 569 2124 quam
601 2019 765 2095 variatio
801 2017 1076 2107 consideratur,
1109 2017 1207 2093 ratio
1239 2013 1403 2094 lrrrbetnr
1434 2015 1516 2095 sitae
1544 2019 1626 2095 nllo
1656 2032 1849 2119 respectu
1879 2022 1929 2094 ad

209 2164 244 2231 is·
284 2189 291 2207 ·
332 2154 498 2252 reliquas
531 2144 750 2226 variabiles.
816 2144 876 2221 Ne
910 2158 1036 2221 autem
1070 2144 1131 2219 hio
1164 2145 1228 2220 ulli
1260 2144 1375 2221 dubio
1409 2147 1517 2222 locus
1544 2146 1799 2246 relinquatur,
1836 2171 1930 2223 eon·

333 2283 541 2361 sideremus
593 2273 833 2375 superficiem
874 2292 1168 2372 quamcunque,
1218 2273 1325 2374 cujus
1366 2270 1551 2372 punctum
1591 2274 1750 2373 quodvis
1794 2274 1829 2348 z
1859 2298 1931 2373 pes

333 2407 580 2487 coordinatas
613 2417 745 2480 ternas

562 2571 636 2649 AX
669 2592 808 2662 zm,
840 2567 915 2649 ΧΥ
949 2590 1086 2669 περ,
1130 2583 1170 2647 et
1217 2571 1283 2647 YZ
1317 2594 1438 2650 :e

335 2745 546 2833 deliniatur,
581 2760 605 2815 a
637 2762 713 2838 quo
747 2737 779 2815 si
811 2739 860 2815 ad
886 2740 994 2816 ¹alitltl
1028 2752 1210 2840 punctum
1240 2740 1455 2840 proximum
1491 2739 1536 2816 Z‘
1558 2742 1598 2817 in
1621 2741 1769 2819 eadem
1787 2764 1931 2844 ‘euper-

333 2870 417 2947 fieie
458 2867 784 2969 progrediamur,
831 2870 903 2942 hae
945 2866 1202 2945 coordinatus:
1233 2867 1309 2944 suis
1341 2864 1659 2946 differentiarum
1689 2869 1930 2948 inemoent.

333 2999 430 3072 Tum
478 3019 573 3071 vero
623 2993 739 3071 aliam
780 3010 1043 3093 quamcunque
1066 2994 1321 3095 superficiem
1376 2995 1640 3097 concipiamus
1693 2998 1928 3097 proximam,

335 3127 440 3226 eujus
481 3134 626 3222 puncta
667 3147 693 3196 z
733 3136 771 3199 et
814 3111 857 3198 z‘
898 3146 985 3197 cum
1017 3122 1089 3235 illis
1129 3122 1160 3197 Z
1194 3135 1234 3200 et
1264 3117 1314 3196 Z‘
1344 3109 1605 3216 conserantur,
1634 3122 1742 3222 quod
1778 3125 1823 3199 fit
1856 3149 1928 3224 per

334 3248 596 3327 variationem.
669 3248 742 3326 His
765 3249 916 3350 ⁴Positis
948 3249 1193 3350 perspicuum
1226 3262 1297 3343 est,
1330 3249 1471 3350 duplici
1504 3251 1621 3327 modo
1654 3252 1703 3325 ad
1739 3228 1929 3350 puuctum
1967 3284 1976 3300 .

194 3386 201 3396 '
336 3377 375 3454 z'
417 3375 608 3473 perveniri
650 3398 780 3474 posse,
813 3376 936 3452 altero
969 3396 1040 3476 per
1073 3376 1325 3455 variationem
1358 3400 1404 3451 ex
1437 3390 1579 3477 puncto
1613 3366 1664 3453 2⁷
1693 3376 1822 3455 altero
1859 3402 1931 3480 per

335 3493 666 3579 differentiale··³ex
697 3520 843 3600 puncto
874 3514 913 3596 z,
947 3503 1078 3604 sicque
1108 3506 1191 3580 sore

559 3683 740 3768 Asr‘:
783 3679 1722 3792 AX‘÷5.AX‘:Ax-i-a.tx,

560 3827 650 3937 ae‘y'
683 3862 745 3915 .··.··.
782 3838 885 3916 X'Y‘
923 3828 1081 3942 -l-16.
1117 3835 1410 3945 xsrsffi‘aey
1446 3845 1566 3935 43
1604 3862 1724 3943 ary,

560 3980 649 4083 y‘z‘
683 4011 744 4066 z
783 3984 884 4067 Y'Z‘
917 3993 979 4088 -l-
1013 3977 1038 4069 δ
1073 4050 1082 4067 .
1119 3990 1316 4077 Y'Z':
1348 4018 1409 4093 yz
1446 3987 1563 4079 ÷d
1602 4052 1610 4067 .
1644 4016 1724 4090 yz,

338 4182 441 4279 quod
474 4180 589 4256 etiam
623 4181 670 4256 de
705 4183 879 4261 omuibus
913 4183 995 4262 aliis
1030 4180 1310 4286 quantitatibus⁴
1333 4184 1578 4263 variabilibus
1614 4188 1664 4260 ad
1706 4188 1811 4266 haee
1835 4212 1932 4293 pun·

336 4322 399 4385 eta
431 4307 643 4384 referendis
677 4308 790 4385 valet.
856 4313 958 4389 Hine
992 4335 1119 4390 autem
1155 4318 1362 4392 luculenter
1395 4313 1562 4413 sequitur
1595 4314 1679 4388 fore

559 4442 641 4535 aaa
673 4480 734 4537 z
770 4443 865 4551 ὸδτ,
915 4451 994 4559 ddy
1025 4486 1085 4541 :t
1119 4450 1209 4561 ary,
1255 4449 1332 4546 aaz
1366 4484 1427 4540 .·.··.
1461 4449 1548 4543 ὸδι.
