4260 5686
346 486 454 560 tls
511 495 514 501 ’
908 468 1128 547 CAPUT
1200 452 1290 543 vll]

301 689 465 788 hincque
505 694 627 787 porro
667 699 803 785 pery
842 677 1138 758 differentiando
1173 678 1290 758 V:
1314 645 1472 801 (ἒξ-’ῃ
1520 685 1624 762 unde
1663 690 1779 781 patet
1812 676 1929 773 inp.¹

300 859 409 968 grale
442 856 495 932 W
527 855 582 932 ita
615 849 883 953 comparatum
915 868 1014 940 esse,
1047 857 1088 919 ut
1121 848 1188 924 fiat
1220 818 1493 979 lima-„gn

846 1081 1253 1163 Corollarium
1322 1091 1362 1158 2.

357 1334 360 1338 .
471 1271 571 1346 lbl.
638 1267 737 1344 Cum
765 1265 910 1363 duplex
944 1262 1149 1366 integratio
1183 1261 1233 1340 eit
1265 1260 1522 1353 instituenda,
1576 1269 1753 1357 utraque
1785 1276 1897 1354 qusn-

305 1400 395 1480 titss
427 1393 633 1473 arbitraria
664 1391 948 1485 introducitura
997 1392 1120 1468 altera
1153 1403 1280 1467 autem
1313 1387 1519 1495 integratio
1562 1389 1655 1466 loeo
1690 1382 1895 1463 constantis

307 1523 548 1602 functionem
577 1543 849 1620 quamcunque
880 1516 1000 1619 ipsius
1034 1544 1067 1594 x
1095 1542 1201 1617 quae
1234 1516 1283 1595 sit
1314 1516 1373 1610 X,
1412 1518 1534 1596 alteru
1569 1524 1703 1593 autem
1738 1509 1893 1588 functio·

304 1675 395 1729 nem
424 1673 692 1750 quamcunque
734 1646 852 1746 ipsius
885 1666 941 1742 y,
990 1668 1090 1743 quae
1124 1641 1172 1721 sit
1204 1644 1238 1719 Y
1272 1644 1442 1737 invehit,
1492 1643 1557 1720 ita-
1585 1655 1631 1720 ut
1667 1638 1891 1740 completum

306 1778 495 1881 integrale
529 1775 579 1852 sit

522 1920 739 2029 ssldsbn
770 1949 832 2007 ε
864 1926 919 2002 W
954 1940 1014 2013 -ι-
1047 1926 1086 2004 X
1118 1926 1184 2024 -l-
1215 1926 1262 2003 Y.

720 2118 757 2174 Ν.
843 2162 1255 2244 Corollarium
1325 2177 1365 2243 3.

476 2347 577 2458 162.
646 2342 733 2419 Hoc
774 2338 891 2418 etiam
933 2360 1005 2438 per
1046 2339 1173 2442 ipsam
1213 2334 1489 2420 resolutionem
1530 2332 1809 2421 confirmatur,
1855 2328 1892 2402 lit

306 2472 409 2553 etnim
440 2469 568 2574 primo

521 2636 655 2737 slus
686 2656 750 2716 -τ-
783 2601 877 2755 (ἐξ)
914 2648 976 2737 ÷
1008 2603 1127 2757 (ἓξ-ξ),
1176 2641 1227 2716 on
1262 2600 1347 2757 (ἐξ)
1381 2656 1444 2715 ;-·.
1480 2645 1519 2708 ο.

305 2825 404 2901 Tum
445 2846 541 2903 veto
582 2824 625 2898 fil
655 2786 933 2954 V:(5{3⁸})‚
982 2821 1072 2923 quis
1112 2848 1238 2926 neque
1278 2823 1317 2901 X
1357 2844 1481 2921 neque
1513 2779 1564 2937 ἐξ
1602 2816 1652 2890 ab
1686 2834 1719 2912 y
1749 2812 1894 2916 pendet.

309 2989 441 3089 911³oe
474 2985 507 3065 εἰ
539 2983 653 3063 suelli
685 2951 816 3119 (ἐξ)
833 3007 897 3068 ··....“
915 2986 969 3081 V,
1015 2986 1090 3066 erit
1121 2973 1311 3092 integrale
1342 2984 1576 3087 completum

525 3144 748 3255 ssllxou
778 3175 841 3235 =
873 3154 928 3230 W
963 3166 1024 3244 ι-
1054 3152 1097 3235 x
1130 3158 1194 3255 -ι-
1224 3155 1315 3257 Υ..

906 3390 1192 3471 Scholion
1264 3402 1303 3471 1.

481 3584 583 3659 163.
646 3583 815 3662 Omnino
849 3595 977 3662 nutem
1007 3584 1271 3665 necessarium
1304 3593 1392 3674 est,
1430 3598 1474 3660 ut
1504 3580 1654 3660 indoles
1689 3578 1901 3685 hujusmodi

310 3706 562 3787 formularum
600 3708 845 3814 integralium
895 3710 1176 3813 duplicaturum
1204 3702 1439 3810 ssdedy
1479 3707 1701 3789 accuratius
1739 3706 1902 3787 murini

312 3835 560 3938 subjicietur,
607 3837 711 3938 quod
751 3837 1062 3917 commodissime
1099 3864 1174 3940 per
1209 3837 1417 3917 Theorianr
1456 3834 1752 3939 superficierum
1793 3856 1902 3936 prae·

314 3961 410 4040 stari
441 3968 597 4064 poterit.
663 3962 746 4043 Sint
776 3989 871 4069 ergo
906 3974 950 4043 ut
981 3967 1168 4045 hactenus
1198 3990 1235 4042 m
1264 3976 1363 4066 ety
1398 3961 1514 4044 binae
1551 3962 1811 4041 coordinatus
1843 3984 1902 4041 or·

179 4126 241 4202 ηε,
264 4127 292 4187 t.
313 4087 544 4193 thogonales
583 4089 624 4166 in
661 4091 747 4170 basi
779 4104 989 4189 assumtae,
1021 4091 1097 4172 AX
1112 4115 1233 4187 za,
1268 4091 1345 4169 ΧΥ
1359 4111 1478 4191 zu,
1510 4088 1574 4170 cui
1604 4088 1646 4168 in
1678 4088 1716 4166 Y
1747 4110 1903 4167 norma·

315 4214 402 4294 liter
431 4214 584 4296 insistat
613 4218 729 4295 tertia
762 4218 941 4296 ordinata
973 4218 1041 4297 YZ
1059 4242 1123 4300 ε
1136 4243 1164 4296 z
1196 4220 1247 4297 ad
1280 4218 1525 4321 superficiem
1554 4238 1678 4318 usque
1705 4228 1902 4319 porrecta

316 4340 355 4417 Si
381 4342 466 4445 jum
497 4342 612 4422 binae
642 4344 731 4425 illue
763 4345 1024 4457 coordinatus
1047 4373 1081 4427 a·
1114 4363 1214 4446 etp
1253 4343 1333 4425 suis
1369 4342 1685 4425 differentialrbus
1725 4356 1905 4425 crescant

315 4462 411 4543 XX‘
426 4489 490 4548 r:
506 4461 566 4552 dx
603 4489 645 4549 et
683 4466 771 4550 YY‘
784 4496 847 4554 ε
863 4473 946 4576 by,
997 4474 1087 4552 inde
1117 4472 1202 4552 basi
1235 4473 1357 4552 oritur
1388 4470 1800 4575 parallelogrammum
1830 4471 1904 4551 ele·

316 4608 494 4675 mentare
525 4592 671 4698 YaeyY'
686 4621 750 4682 .·.·.
764 4591 903 4701 hardy,
950 4600 1011 4681 cui
1043 4600 1273 4682 elementum
1307 4599 1496 4681 formulae
1526 4596 1728 4703 integralis
1761 4621 1904 4681 conse·
