4260 5686
303 459 402 559 tao
848 444 1086 524 canor
1140 444 1204 520 rv.

59 694 64 716 .
103 675 105 680 ’
235 642 461 744 integralem
487 624 625 754 sffidx
657 633 856 730 involvat,
895 638 964 713 sed
996 635 1110 711 etiam
1144 637 1240 712 haec
1274 631 1417 710 functio
1449 627 1497 718 Q
1530 631 1645 708 sliam
1678 629 1829 704 sormu-

173 774 179 800 ⁴
239 774 315 845 tam
359 766 585 868 integralem
619 745 737 877 sodo:
784 762 825 837 in
871 786 913 842 se
951 763 1256 862 complectatur3
1304 761 1369 838 ubi
1416 759 1569 859 quidem
1617 756 1767 834 functio
1804 768 1829 836 t>

239 897 381 972 nullam
416 892 577 994 amplius
611 877 815 967 formulam
848 889 1075 991 integralem
1107 889 1291 986 implicat.

781 1129 1182 1208 Corollarium
1250 1139 1292 1205 2.

406 1316 508 1381 121.
575 1307 639 1382 Sin
672 1316 799 1382 antem
840 1320 879 1383 et
917 1309 1015 1384 haec
1055 1305 1197 1382 iunctio
1230 1318 1255 1388 o
1293 1304 1449 1405 insuper
1489 1303 1698 1379 formulam
1730 1302 1831 1379 inte·

241 1433 385 1534 gralem
418 1431 457 1506 in
490 1455 532 1508 se
565 1432 762 1527 involvat,
789 1433 873 1534 jam
908 1433 1000 1511 satis
1033 1431 1280 1533 perspicuum
1312 1445 1382 1524 est,
1415 1430 1609 1528 quomodo
1643 1441 1728 1504 tum
1761 1450 1828 1505 so·

243 1559 422 1634 lotionem
454 1553 598 1636 institui
633 1538 841 1659 oporteat-3
885 1560 1072 1658 siquidem
1106 1581 1184 1634 tutu
1217 1558 1371 1634 valores
1399 1551 1467 1651 Ns,
1489 1550 1546 1649 P‘,
1569 1549 1635 1652 Q‘,
1661 1550 1727 1648 R‘,
1751 1567 1829 1632 etc.

208 1696 374 1785 ¹partes
406 1684 562 1783 insuper
595 1685 800 1786 recipient,
832 1711 856 1765 a
890 1704 1088 1788 postrema
1119 1685 1286 1763 formula
1316 1685 1492 1787 integrali
1525 1685 1752 1780 pendentes.

889 1901 1182 1980 Scholion.

412 2075 512 2150 122,
580 2067 935 2168 Quomodoounque
974 2097 1069 2174 ergo
1114 2073 1278 2148 lbrrnula
1320 2070 1513 2172 integralis
1543 2052 1673 2182 slba·
1703 2067 1824 2164 suerit

246 2191 504 2293 complicata,
550 2208 763 2296 praecepta
795 2199 984 2276 hactenus
1022 2199 1198 2298 exposita
1238 2197 1392 2275 omnino
1433 2195 1624 2272 sufficiunt
1656 2195 1708 2270 ad
1741 2195 1827 2295 ejus

245 2319 499 2399 variationem
529 2320 860 2422 investigandam,
907 2326 1055 2405 etiamsi
1087 2328 1189 2405 sorte
1229 2324 1470 2426 complicatio
1510 2321 1625 2399 luerit
1662 2321 1823 2397 infinita.

249 2446 346 2522 Cum
378 2445 493 2547 igitur
527 2471 660 2524 omnes
694 2450 957 2549 expressiones
990 2454 1100 2533 binas
1133 2453 1335 2531 variabiles
1367 2450 1624 2550 implicantes,
1656 2472 1824 2547 quarum

191 2638 196 2647 ,
244 2572 474 2649 variationes
514 2598 681 2673 unquam
723 2577 798 2655 sint
837 2577 1155 2683 investigandae,
1205 2581 1267 2657 vel
1306 2604 1331 2656 a
1370 2577 1540 2656 formulis
1571 2573 1822 2679 integralibus

232 2682 321 2774 'sint
352 2698 522 2791 liberae,
575 2703 637 2776 vel
677 2728 793 2779 unam
824 2707 1002 2804 pluresve
1042 2709 1162 2791 inse
1204 2708 1534 2808 complectantur,
1582 2701 1822 2807 cumquest!

248 2824 441 2924 simplices
466 2829 535 2925 'vel
569 2829 817 2928 complicatas
849 2843 1069 2931 utcunque,
1113 2835 1199 2911 huic
1235 2834 1389 2939 Calculi
1414 2829 1667 2907 variationum
1699 2828 1823 2928 parti,

249 2973 347 3048 quae
382 2951 488 3029 circa
519 2954 616 3032 duas
648 2955 850 3036 variabiles
882 2975 1085 3056 versatur,
1117 2965 1268 3040 abunde
1301 2960 1538 3039 satisfactum
1570 2955 1750 3045 videtur,
1784 2971 1825 3027 ut

247 3076 312 3154 vix
349 3079 552 3178 quicquam
593 3082 754 3184 amplius
794 3084 1005 3163 desiderari
1046 3105 1181 3188 queat.
1248 3089 1507 3186 Quamobrem
1549 3085 1598 3159 ad
1639 3080 1825 3159 formulas

248 3203 363 3280 trium
394 3207 629 3286 variabilium
662 3212 954 3313 progrediamur
988 3241 1035 3293 ac
1067 3218 1192 3316 primo
1226 3216 1378 3315 quidem
1410 3215 1525 3304 tales,
1567 3235 1731 3309 quarum
1764 3235 1828 3286 re·

247 3330 338 3406 latio
369 3357 442 3433 per
473 3336 666 3436 geminam
698 3340 965 3438 aequationem
999 3344 1144 3419 definiri
1177 3343 1359 3443 ponitur,
1398 3360 1440 3417 ut
1471 3342 1584 3418 binae
1617 3336 1831 3435 variabiles

248 3470 430 3552 tanquam
463 3464 677 3542 functiones
711 3467 847 3544 tertiae
881 3472 1050 3570 spectari
1082 3483 1242 3570 queant,
1274 3471 1354 3547 sive
1387 3471 1482 3544 haee
1514 3467 1653 3568 duplex
1681 3464 1836 3543 'relatio

251 3578 298 3654 sit
330 3585 512 3682 cognita,
558 3590 637 3668 sive
673 3617 720 3672 ex
752 3595 842 3696 ipsa
871 3597 1095 3677 variationis
1127 3598 1255 3675 indole
1287 3595 1562 3700 investiganda
