4260 5686
893 431 1120 511 CAPUT
1179 432 1244 508 Ill.

811 632 1211 712 Scholion
1288 640 1326 708 t.

447 845 550 924 itt.
615 845 857 943 Quamquam
899 856 1039 920 natura
1078 841 1332 918 variationum
1366 820 1479 940 atque
1514 837 1629 918 etiam
1669 827 1865 939 quaestio·

275 992 369 1048 num
407 993 456 1047 eo
496 970 766 1072 pertinentium
802 974 885 1074 jam
927 970 1019 1048 satis
1060 983 1120 1047 est
1158 968 1373 1070 explicata,
1423 979 1553 1044 tamen
1589 967 1704 1069 hujus
1747 991 1865 1072 argu·

274 1095 394 1174 menti
426 1107 506 1173 tam
539 1097 705 1199 dignitas
739 1122 852 1199 quam
892 1097 1041 1174 novitas
1075 1096 1297 1199 ampliorem
1337 1094 1624 1173 illustrationem
1662 1094 1863 1195 requirere

274 1223 479 1316 videntur,
531 1250 619 1303 cum
658 1250 706 1302 ne
748 1225 982 1328 superfluum
1023 1222 1175 1323 quidem
1224 1206 1335 1301 soret
1368 1223 1506 1299 eadem
1545 1219 1699 1323 saepius
1742 1221 1860 1300 incul-

277 1350 371 1427 cari.
439 1351 538 1427 Cum
578 1350 693 1452 igitur
735 1367 823 1429 ante
864 1351 1075 1454 geometria
1118 1368 1157 1427 et
1198 1351 1308 1451 hujus
1349 1348 1484 1425 calculi
1517 1347 1778 1448 applicatione
1811 1350 1861 1426 ad

273 1475 442 1553 maxima
475 1490 515 1554 et
546 1477 702 1555 minIma
734 1480 791 1555 usi
825 1478 966 1569 simus,
1016 1477 1065 1553 ad
1106 1480 1205 1554 hanc
1239 1474 1454 1554 doctrinam
1489 1474 1612 1578 magis
1646 1476 1856 1576 explanan-

274 1603 394 1696 dam,
434 1603 496 1678 hic
528 1629 611 1680 rem
645 1605 861 1707 generalius
894 1629 968 1705 pro
1003 1605 1084 1681 sola
1118 1602 1275 1704 Analysi
1307 1603 1662 1702 contemplabimur.
1728 1602 1854 1682 Primo

272 1729 390 1831 igitur
432 1742 629 1827 spectatur
679 1732 815 1809 relatio
857 1756 1104 1830 quaecunque
1145 1731 1245 1807 inter
1282 1731 1391 1809 binas
1432 1728 1635 1806 variabiles
1673 1754 1707 1806 ω
1740 1741 1780 1807 et
1808 1752 1856 1830 y,

273 1855 355 1934 sive
391 1879 435 1932 ea
470 1857 517 1934 sit
552 1858 727 1961 cognita,
764 1859 844 1935 sive
878 1858 1029 1934 demum
1062 1857 1297 1952 delinienda,
1334 1857 1496 1957 indeque
1529 1858 1697 1933 formata
1731 1856 1854 1935 consi·

275 1984 434 2060 deratur
466 1961 632 2061 formula
665 1985 862 2088 integralis
897 2009 1144 2084 quaecunque
1170 1969 1313 2100 sde,
1352 2010 1450 2084 quae
1473 1984 1585 2097 intra
1617 1992 1745 2062 certos
1777 1995 1854 2061 ter·

272 2108 398 2186 minos
432 2113 743 2208 comprehensa,
778 2137 843 2189 seu
880 2111 1133 2214 integratione
1169 2136 1191 2186 a
1224 2112 1316 2188 dato
1354 2111 1459 2189 initio
1495 2112 1544 2187 ad
1576 2110 1710 2187 datum
1742 2113 1854 2190 finem

273 2250 455 2331 extensa,
491 2237 620 2336 utique
654 2259 800 2316 certum
834 2241 1027 2336 quendam
1060 2239 1230 2314 valorem
1263 2237 1438 2339 recipere
1470 2240 1596 2314 debet.
1661 2238 1762 2314 Tum
1790 2237 1855 2315 illa

271 2362 407 2441 relatio
441 2363 541 2441 inter
572 2390 605 2440 x
637 2378 675 2442 et
706 2391 754 2464 y,
789 2391 1036 2467 quaecunque
1071 2367 1202 2458 luerit,
1235 2367 1574 2465 quomodocunque
1605 2361 1752 2441 infinite
1784 2387 1854 2467 pa·

271 2512 356 2565 rum
389 2489 621 2588 immutetur,
653 2509 696 2569 ut
729 2493 885 2595 singulis
919 2520 969 2585 x,
1002 2492 1276 2569 variationibus
1309 2492 1592 2590 quibuscunque
1626 2472 1687 2564 da·
1719 2492 1852 2585 auctis,

266 2617 350 2718 jam
383 2620 643 2719 respondeant
675 2621 833 2696 eaedem
874 2644 929 2717 y,
975 2620 1248 2698 variationibus
1281 2645 1430 2719 quoque
1463 2620 1754 2719 quibuscunque
1794 2601 1818 2694 δ
1825 2640 1854 2715 y

272 2751 437 2834 auctae,
484 2745 548 2820 ubi
588 2745 738 2843 quidem
781 2748 1064 2823 observandum
1096 2759 1180 2840 est,
1230 2763 1310 2823 tam
1352 2748 1390 2822 in
1422 2746 1526 2823 initio
1557 2769 1673 2844 quam
1704 2745 1745 2822 in
1777 2748 1851 2824 dne

269 2867 462 2944 rationum
507 2871 643 2948 harum
677 2874 931 2949 variationum
971 2898 1042 2975 per
1075 2873 1313 2952 conditiones
1351 2873 1617 2974 quaestionum
1647 2873 1762 2969 dari,
1812 2874 1849 2950 in

268 2994 395 3070 medio
430 3009 558 3073 autem
591 2998 684 3077 istas
717 3000 949 3076 variationes
981 3002 1034 3077 ita
1067 3001 1298 3102 generaliter
1331 3001 1491 3094 assumi,
1523 3000 1700 3076 utnulla
1732 3001 1848 3103 plane

268 3123 355 3222 lege
387 3119 488 3198 inter
521 3149 563 3201 se
597 3141 883 3202 connectantur.
951 3129 1048 3202 Tum
1081 3153 1128 3206 ex
1162 3130 1235 3205 hac
1268 3128 1455 3204 relatione
1495 3126 1643 3203 variata
1677 3128 1847 3230 ejusdem

267 3247 456 3325 formulae
489 3250 688 3353 integralis
712 3240 840 3369 sVdae
883 3256 932 3329 ab
967 3256 1102 3331 eodem
1139 3253 1244 3332 initio
1279 3255 1329 3331 ad
1360 3257 1522 3332 eundern
1555 3255 1669 3328 linem
1704 3279 1847 3355 expan-

266 3396 363 3468 sus,
412 3400 481 3452 seu
512 3377 613 3455 intra
647 3383 804 3459 eosdem
843 3381 1029 3459 terminos
1062 3395 1290 3476 contentus,
1338 3382 1487 3463 definiri
1519 3379 1757 3481 concipitur,
1799 3407 1847 3458 ac

176 3542 180 3547 -
265 3509 348 3575 tota
384 3501 468 3600 jam
508 3507 683 3602 quaestio
729 3509 767 3585 in
801 3512 875 3585 hoc
916 3522 1121 3600 versatur,
1162 3521 1204 3584 ut
1235 3510 1350 3612 hujus
1383 3507 1568 3606 postremi
1600 3508 1744 3585 valoris
1779 3531 1847 3583 va·

263 3623 352 3700 riati
385 3650 566 3708 excessus
607 3656 725 3731 supra
764 3636 935 3736 priorem
976 3637 1079 3712 illum
1114 3636 1287 3713 valorem
1320 3637 1507 3712 formulae
1531 3615 1657 3749 slldx
1689 3633 1847 3711 investi·

265 3771 389 3852 getur.
456 3755 532 3848 Qui
565 3784 742 3837 excessus
777 3788 864 3838 oum
896 3787 967 3864 per
999 3747 1168 3877 dsde,
1216 3789 1314 3861 quae
1349 3765 1472 3838 forma
1510 3760 1594 3860 ipsa
1626 3775 1691 3837 est·
1717 3760 1848 3838 varia·

264 3877 318 3957 tio
351 3880 537 3959 formulae
560 3867 686 4001 slldx
700 3943 711 3982 ,
744 3888 958 3982 indicetur,
991 3891 1102 3992 hujus
1136 3890 1368 3987 quaestionis
1400 3890 1627 3966 solutionem
1660 3892 1849 3967 hactenus

264 4005 436 4085 dedimus
468 4008 523 4086 ita
556 4013 633 4089 late
666 4025 887 4115 patentem,
935 4029 978 4094 ut
1014 4041 1148 4096 omnes
1181 4041 1294 4095 casus
1325 4016 1461 4116 quibus
1493 4016 1685 4116 quantitas
1719 4018 1753 4091 V
1788 4034 1852 4096 est

264 4132 410 4211 functio
444 4161 692 4238 quaecunque
726 4167 804 4218 non
838 4146 961 4221 solum
993 4144 1163 4247 ipsarum
1193 4169 1246 4235 rc,
1277 4168 1317 4241 y,
1345 4168 1393 4244 p,
1427 4169 1472 4246 q,
1505 4168 1538 4229 r.
1573 4167 1614 4237 s,
1645 4155 1722 4221 etc.
1777 4145 1851 4223 sed

264 4258 378 4335 etiam
417 4261 574 4366 insuper
615 4268 819 4345 formulam
859 4273 1051 4369 quandam
1092 4271 1321 4374 integralem
1359 4296 1386 4348 v
1402 4254 1619 4388 :slem
1649 4284 1852 4374 utcunque

262 4381 488 4481 involvens,
537 4393 576 4470 in
609 4417 651 4489 se
685 4398 971 4496 complectatur.
