4260 5686
850 547 852 552 Ι
916 436 1138 515 carur
1204 396 1344 515 n.'

941 629 1233 709 Scholion.

311 812 321 828 '
399 827 532 900 ·.6l.
594 821 760 916 Quando
795 836 919 900 autem
953 823 1141 927 placuerit
1172 823 1244 901 soli
1278 825 1450 902 variabili
1484 848 1515 899 a
1550 823 1787 903 variationes
1825 822 1895 900 tri·

295 955 443 1040 buere,
491 969 569 1027 tum
604 949 759 1031 omnino
792 964 967 1050 praestat
997 950 1203 1027 variabiles
1235 977 1267 1028 x
1302 966 1340 1030 et
1373 976 1401 1050 y
1442 953 1540 1029 inter
1575 973 1617 1028 se
1650 949 1893 1053 permutari,

297 1093 409 1179 atque
445 1078 656 1182 hujusmodi
693 1077 820 1176 potius
853 1077 1105 1178 positionibus
1139 1078 1192 1153 uti

519 1240 578 1330 dx
613 1223 815 1347 z'pap,
879 1239 931 1345 dp
960 1238 1174 1350 toda),
1236 1243 1290 1352 do
1325 1272 1387 1330 z:
1419 1241 1524 1349 ndu,
1575 1263 1648 1327 etc.

298 1423 431 1523 quibus
475 1419 625 1521 speeies
667 1418 975 1496 differentialium
1022 1423 1208 1516 tollatur,
1257 1435 1337 1498 tum
1387 1447 1480 1498 vero
1526 1436 1650 1498 sumto
1694 1421 1892 1496 elemento

296 1545 351 1648 ily
385 1561 612 1638 constante,
664 1547 804 1623 similes
839 1548 1024 1624 formulae
1059 1548 1311 1648 simpliciores
1344 1573 1417 1648 pro
1451 1548 1727 1624 variationibus
1767 1570 1891 1646 quan·

297 1680 451 1753 titatum
481 1694 530 1773 p,
563 1698 611 1774 q,
643 1699 689 1765 r,
722 1669 1105 1775 etc-'mperiuntum
1156 1691 1269 1773 atque
1312 1676 1529 1752 Corollaria
1567 1687 1607 1751 2.
1675 1675 1892 1750 Caeterum

298 1827 376 1904 quo
408 1803 576 1878 calculus
611 1802 660 1897 ad
695 1824 828 1878 omnes
854 1808 983 1878 'casus
1024 1802 1312 1880 accommodari
1346 1815 1491 1899 queat,
1541 1824 1695 1898 semper
1730 1802 1897 1899 expedit

203 1936 205 1942 '
299 1931 448 2029 utrique
473 1929 647 2004 variabili
680 1950 770 2005 suas
800 1928 1035 2006 variationes
1070 1929 1200 2022 tribui,
1232 1930 1302 2005 etsi
1337 1931 1437 2005 enim
1470 1947 1550 2004 tum
1584 1930 1732 2005 sormae
1768 1931 1894 2003 multo

301 2047 566 2160 perplexiores
601 2058 804 2156 prodeant,
839 2057 1047 2156 praecipue
1080 2058 1111 2133 si
1146 2058 1386 2149 evolvantur,
1418 2075 1548 2131 tamen
1573 2056 1765 2132 calculum
1800 2080 1895 2154 pro·

299 2185 492 2283 sequendo
533 2182 806 2284 tam-‘egregia
847 2206 887 2258 se
930 2187 1116 2258 offerunt
1139 2184 1394 2282 compendia,
1445 2196 1487 2256 ut
1526 2182 1564 2256 in
1605 2185 1679 2258 fine
1715 2182 1897 2258 calculus

298 2313 361 2388 vix
395 2315 461 2387 liat
493 2310 715 2410 operosior,
752 2334 876 2411 neque
911 2312 1021 2412 hujus
1055 2311 1280 2409 prolixitatis
1312 2312 1480 2387 taedeat.
1550 2312 1606 2384 ad
1640 2311 1897 2408 problemata

300 2465 392 2542 ergo
426 2439 548 2540 magis
583 2435 777 2538 generalia
812 2441 858 2513 ad
896 2440 969 2511 hoc
1004 2452 1121 2538 caput
1155 2437 1385 2544 pertinentia
1418 2438 1727 2538 progrediamur.

880 2696 1188 2788 Problcma
1254 2697 1298 2795 l.

464 2896 536 2969 62.
601 2895 712 2987 Datis
746 2895 905 2970 duarum
945 2895 1181 2970 variabilium
1224 2919 1255 2968 x
1288 2912 1386 2989 ety
1427 2890 1702 2966 variationibus
1748 2872 1818 2965 dx
1860 2905 1900 2966 et

300 3005 375 3121 by,
426 3024 612 3099 formulae
654 3024 911 3125 cujuscunque
953 3021 1081 3096 linitae
1119 3023 1151 3095 V
1190 3033 1269 3096 tam
1313 3043 1358 3092 ea
1402 3018 1471 3093 illis
1506 2995 1758 3092 variabilibu‘s
1803 3018 1898 3116 ipsis

300 3175 411 3248 quam
457 3174 588 3224 earum
631 3148 948 3263 differentialibus
991 3150 1247 3251 cujuscunque
1291 3144 1432 3221 ordinis
1475 3144 1661 3220 conflatae
1707 3145 1898 3220 variatio·
1959 3152 1964 3163 ’

299 3303 385 3354 nem
422 3301 607 3353 ravenne.

967 3492 1210 3590 Solutio.

462 3697 556 3770 Cum
590 3691 623 3763 p
657 3691 704 3766 sit
737 3690 927 3787 quantitas
961 3675 1129 3764 valorem
1167 3689 1310 3762 babens
1346 3686 1513 3775 finitum,
1551 3685 1733 3784 ponendo

364 3856 625 3969 ὂῃῑρόκ,
675 3855 938 3964 ὂρῑᾳὸω,
986 3853 1239 3962 demde,
1290 3849 1544 3948 drzsdx,
1593 3875 1666 3930 etc.

301 4033 568 4127 differentialis¹
609 4033 697 4110 inde
739 4034 946 4124 tollentur,
994 4006 1238 4134 prodibitque
1279 4053 1351 4129 pro
1390 4022 1424 4100 ¹V
1466 4025 1607 4101 functio
1646 4048 1695 4098 ex
1735 4022 1899 4120 quanti-

302 4167 439 4256 tatibus
473 4161 586 4245 finitis
619 4161 784 4237 formata
832 4187 891 4252 x,
924 4186 978 4259 p,
1008 4186 1062 4258 p,
1096 4184 1231 4261 (μὴν,
1268 4182 1316 4248 a,
1354 4169 1428 4233 cte.
1498 4155 1763 4248 Quaecunque
1801 4153 1909 4249 ergo.

301 4293 349 4367 sit
389 4291 487 4368 ratio
531 4288 971 4394 compositionis,4ejus
1012 4287 1263 4364 dill'erentiale
1314 4307 1468 4382 semper
1518 4277 1730 4381 hujusmodi
1775 4280 1904 4352 habe·

301 4419 355 4493 bit
390 4419 556 4493 sormam

365 4585 424 4673 ἂν
440 4611 503 4667 :2
521 4581 624 4672 Mla
643 4591 701 4687 -l7
720 4580 811 4685 Nlp
833 4601 875 4683 -f
906 4580 985 4686 Pap
1000 4588 1063 4680 -l-
1084 4585 1176 4686 Qaq
1206 4600 1254 4670 4.
1275 4577 1357 4665 Κᾶν
1379 4575 1521 4679 ἦ-«ὃᾶε
1539 4580 1600 4671 l-
1617 4591 1693 4679 etc,
