4260 5686
520 414 541 425 ”
660 436 664 443 ·
736 398 1132 482 'CHU'I'1.·
1275 388 1469 453 '-
1593 407 1654 480 29

142 606 318 685 binarum
350 609 588 689 variabilium
629 602 859 707 versantur,
907 612 983 692 sint
1015 639 1048 688 x
1080 626 1120 690 et
1150 635 1179 713 y
1208 609 1321 690 binae
1355 609 1586 703 variabiles,
1618 620 1665 683 et
1690 627 1718 679 z

143 756 277 810 earum
319 737 460 815 functio
499 751 539 812 et
576 737 666 813 dats
706 740 872 838 quadam
903 739 1209 816 differentialium
1253 740 1440 815 relatione
1481 729 1716 823 definienda,

142 858 194 934 its
228 875 269 937 ut
303 865 476 961 aequatio
509 863 655 938 linita
647 880 746 941 inter
777 890 833 961 n,
872 877 972 979 yet
1003 889 1030 940 z
1067 865 1291 964 requiratur.
1357 871 1546 942 Ponamus
1572 877 1719 1029 aautent

141 995 580 1106 dzzpdx-p-qby,
630 1008 682 1083 ita'
714 1021 754 1083 ut
795 1009 845 1086 sit
883 1025 1042 1110 recepto
1075 1009 1250 1113 signandi
1290 1008 1536 1106 modop:
1553 969 1642 1122 (ἐξ)
1676 1011 1718 1074 et

139 1171 243 1250 q:
260 1115 383 1285 (ᾗ),
422 1167 535 1250 atque
568 1154 652 1230 ideo
680 1174 707 1249 p
740 1164 780 1227 et
811 1177 836 1254 q
870 1154 945 1232 sint
979 1156 1165 1233 formulae
1198 1150 1497 1243 differentiales,
1542 1170 1642 1246 quae
1674 1143 1714 1220 ia

128 1294 364 1377 relationem
413 1296 647 1396 propositam
693 1294 967 1397 ingrediantur.
1032 1298 1077 1373 ln
1125 1321 1266 1398 genere
1313 1321 1409 1399 ergo
1450 1293 1591 1373 relatio
1633 1294 1713 1373 tau

138 1419 215 1496 erit
247 1421 424 1522 aequatio
463 1445 713 1524 quaeeunque
754 1420 853 1500 inter
893 1424 1123 1522 quantitates
1151 1447 1192 1521 p,
1226 1449 1265 1526 q,
1296 1446 1403 1522 Μ]
1441 1433 1481 1497 et
1512 1444 1539 1495 z
1570 1443 1711 1521 propo·

136 1546 223 1642 sits,
255 1561 368 1648 atque
394 1549 500 1622 ‘haee
532 1549 652 1626 sectio
684 1549 857 1650 perfecte
891 1551 1171 1638 absolveretur,
1205 1549 1237 1627 si
1271 1537 1470 1626 methodus
1503 1555 1713 1637 constaret,

137 1695 186 1747 ex
216 1673 308 1751 data
340 1675 570 1770 aequatione
602 1690 827 1774 quacunque
860 1673 958 1752 inter
990 1678 1060 1754 has
1092 1673 1321 1775 quantitates
1347 1698 1388 1773 ρ,
1413 1698 1452 1775 q,
1484 1693 1581 1772 Μ
1612 1684 1653 1750 et
1684 1693 1712 1744 z

135 1800 293 1874 eruendi
326 1798 592 1898 aequationem
625 1799 724 1875 inter
757 1827 800 1888 s,
832 1824 862 1897 y
892 1819 930 1876 et
962 1828 1017 1894 z;
1065 1803 1168 1900 quod
1210 1820 1338 1877 autem
1371 1824 1458 1877 cuna
1494 1798 1548 1894 iu¹
1564 1818 1709 1905 genere

135 1946 186 1996 ne
219 1945 292 2022 pro
326 1923 576 2003 functionibus
608 1925 759 2022 quidem
791 1927 926 2002 unicae
961 1926 1152 2003 variabilis
1185 1911 1376 2025 praestari
1407 1923 1556 2025 possit,
1589 1922 1710 1998 multo

133 2047 258 2127 minus
291 2050 353 2128 hie
384 2064 445 2128 est
475 2052 765 2151 expectandum,
798 2076 845 2126 ex
877 2078 952 2151 quo
985 2075 1054 2128 eos
1085 2076 1196 2128 casus
1228 2065 1375 2127 tantum
1408 2049 1531 2127 evolvi
1564 2070 1709 2124 conve·

133 2172 244 2267 niet,
289 2175 357 2274 qui
388 2176 666 2253 resolutionem
700 2175 911 2251 admittant.
975 2176 1103 2254 Primo
1137 2188 1263 2251 autem
1303 2174 1482 2251 resolutio
1514 2171 1710 2262 succedit,

132 2295 167 2380 si
207 2299 247 2377 in
285 2301 512 2400 aequatione
554 2301 753 2401 proposita
791 2301 912 2377 altera
949 2301 1203 2376 formularum
1241 2295 1549 2378 differentialium
1582 2320 1611 2397 p
1643 2294 1707 2375 vel

132 2449 160 2524 p
193 2425 305 2522 plane
334 2427 466 2513 desit.
508 2427 564 2505 ita
594 2442 635 2504 ut
667 2426 842 2526 aequatio
875 2426 935 2503 vel
967 2425 1067 2503 inter
1098 2450 1139 2526 p,
1169 2452 1223 2520 x,
1253 2451 1284 2527 p
1314 2439 1413 2505 etz
1442 2422 1505 2500 vel
1530 2421 1636 2501 inter
1664 2448 1706 2525 q,

129 2575 179 2642 x,
207 2575 237 2651 y
268 2564 365 2630 etz
395 2566 649 2655 proponatur.
714 2552 866 2632 Deinde
898 2552 1173 2652 aequationes,
1212 2576 1311 2652 quae
1343 2549 1447 2630 solas
1477 2547 1589 2626 binas
1622 2550 1704 2626 for·

128 2679 256 2755 mulas
301 2677 575 2758 differentiales
615 2701 644 2777 p
684 2691 724 2757 et
762 2705 789 2782 q
827 2677 1053 2773 continent,
1098 2678 1152 2754 ita
1189 2700 1234 2754 ut
1272 2677 1395 2756 altera
1433 2676 1594 2787 debeat
1617 2697 1704 2755 esse
1844 2741 1848 2749 ,
1950 2758 1952 2769 ¹

131 2800 275 2882 functio
316 2791 566 2906 quaeeunque
610 2805 787 2901 alterius,
835 2802 1038 2882 commode
1069 2803 1264 2882 resolvere
1298 2801 1398 2881 licet.
1462 2802 1560 2878 Tum
1589 2800 1705 2904 igitur

128 2938 335 3029 sequentur
365 2931 639 3030 aequationes,
669 2954 767 3030 quoe
798 2941 955 3036 praeter
989 2952 1018 3027 p
1043 2941 1083 3007 et
1106 2942 1142 3033 q'
1163 2928 1316 3007 unicam
1346 2926 1598 3027 quantitatem
1619 2926 1703 3005 dni·

130 3064 256 3131 tarum
278 3079 311 3132 s·
339 3058 454 3156 sely
484 3056 546 3133 vel
577 3082 604 3134 z
634 3059 951 3159 complectantur,
984 3077 1031 3132 ex
1063 3079 1139 3155 quo
1172 3079 1314 3157 genere
1339 3052 1558 3155 cujusmodi
1588 3058 1703 3131 casus

127 3179 270 3258 resolvi
300 3196 444 3280 queant
479 3180 689 3261 videamus.
753 3183 860 3260 Ordo
893 3204 1015 3279 porro
1051 3178 1248 3279 postulat,
1278 3191 1322 3256 ut
1354 3178 1405 3254 ad
1440 3177 1701 3276 aequationes,

128 3325 229 3403 qnae
268 3320 428 3410 praeter
473 3307 581 3387 binas
628 3309 809 3385 formulas
856 3303 1126 3383 differentiales
1167 3328 1196 3403 p
1241 3318 1339 3405 etq
1384 3301 1543 3403 insuper
1585 3301 1700 3380 binas
1759 3398 1767 3409 .

127 3430 379 3529 quantitatum
410 3433 627 3530 finitarum,
672 3436 734 3511 vel
766 3459 799 3510 x
830 3444 870 3512 et
899 3438 947 3531 y,
979 3430 1041 3509 vel
1071 3455 1105 3507 m
1137 3441 1176 3509 et
1206 3456 1249 3527 z,
1279 3429 1342 3509 vel
1373 3452 1402 3528 y
1434 3443 1547 3526 etz,
1579 3429 1702 3507 invol-

125 3572 245 3649 vunt,
276 3561 601 3662 progrediamur3
640 3583 687 3638 ae
718 3559 881 3658 denique
914 3558 962 3636 de
993 3555 1220 3635 resolutione
1258 3555 1524 3656 aequationum
1565 3579 1699 3635 omnes
1779 3636 1785 3643 ,

117 3679 273 3764 litteras
299 3709 347 3786 p,
379 3712 426 3789 q,
460 3714 502 3781 s,
534 3708 564 3784 y
598 3696 638 3764 et
658 3711 696 3761 -z
726 3667 1030 3789 implicandum.
1046 3706 1215 3787 agemus,
1247 3680 1424 3763 subsidia·
1441 3683 1699 3778 transforme-

125 3805 241 3909 tiuuis
272 3810 457 3920 deinceps
489 3809 710 3916 exposituri.

622 4181 1180 4222 ···-m
