<?xml version="1.0" encoding="UTF-8"?>
<!DOCTYPE html PUBLIC "-//W3C//DTD XHTML 1.0 Transitional//EN"
    "http://www.w3.org/TR/xhtml1/DTD/xhtml1-transitional.dtd">
<html xmlns="http://www.w3.org/1999/xhtml" xml:lang="en" lang="en">
 <head>
  <title>
</title>
<meta http-equiv="Content-Type" content="text/html;charset=utf-8" />
  <meta name='ocr-system' content='tesseract 3.04.00' />
  <meta name='ocr-capabilities' content='ocr_page ocr_carea ocr_par ocr_line ocrx_word'/>
</head>
<body>
  <div class='ocr_page' id='page_1' title='image "./leonhardieuleri02eulegoog_0382.png"; bbox 0 0 4260 5686; ppageno 0'>
   <div class='ocr_carea' id='block_1_1' title="bbox 351 427 1232 524">
    <p class='ocr_par' dir='ltr' id='par_1_1' title="bbox 351 427 1232 524">
     <span class='ocr_line' id='line_1_1' title="bbox 351 427 1232 524; baseline -0.017 -7"><span class='ocrx_word' id='word_1_1' title='bbox 351 446 438 524; x_wconf 81' lang='lat'><strong><em>390</em></strong></span> <span class='ocrx_word' id='word_1_2' title='bbox 909 428 1135 509; x_wconf 77' lang='lat' dir='ltr'><strong>CAPUT</strong></span> <span class='ocrx_word' id='word_1_3' title='bbox 1186 427 1232 505; x_wconf 78' lang='lat'><strong><em>,1.</em></strong></span> 
     </span>
    </p>
   </div>
   <div class='ocr_carea' id='block_1_2' title="bbox 285 625 1874 864">
    <p class='ocr_par' dir='ltr' id='par_1_2' title="bbox 285 625 1874 864">
     <span class='ocr_line' id='line_1_2' title="bbox 285 625 1874 750; baseline -0.001 -35"><span class='ocrx_word' id='word_1_4' title='bbox 285 637 518 741; x_wconf 82' lang='lat' dir='ltr'><strong>pendentes,</strong></span> <span class='ocrx_word' id='word_1_5' title='bbox 558 632 641 712; x_wconf 86' lang='lat' dir='ltr'><strong><em>solo</em></strong></span> <span class='ocrx_word' id='word_1_6' title='bbox 673 631 776 710; x_wconf 91' lang='lat' dir='ltr'><strong><em>initio</em></strong></span> <span class='ocrx_word' id='word_1_7' title='bbox 791 747 793 750; x_wconf 16' lang='grc' dir='ltr'>Ι</span> <span class='ocrx_word' id='word_1_8' title='bbox 810 652 858 708; x_wconf 89' lang='lat' dir='ltr'><strong><em>ac</em></strong></span> <span class='ocrx_word' id='word_1_9' title='bbox 889 629 967 707; x_wconf 84' lang='lat' dir='ltr'><strong><em>dne</em></strong></span> <span class='ocrx_word' id='word_1_10' title='bbox 998 638 1182 728; x_wconf 81' lang='lat' dir='ltr'><strong><em>eroepto,</em></strong></span> <span class='ocrx_word' id='word_1_11' title='bbox 1227 625 1292 706; x_wconf 88' lang='lat' dir='ltr'><strong><em>ubi</em></strong></span> <span class='ocrx_word' id='word_1_12' title='bbox 1323 649 1392 704; x_wconf 88' lang='lat' dir='ltr'><strong><em>eas</em></strong></span> <span class='ocrx_word' id='word_1_13' title='bbox 1425 625 1476 702; x_wconf 91' lang='lat' dir='ltr'><strong><em>ad</em></strong></span> <span class='ocrx_word' id='word_1_14' title='bbox 1507 627 1620 705; x_wconf 88' lang='lat' dir='ltr'><strong><em>datas</em></strong></span> <span class='ocrx_word' id='word_1_15' title='bbox 1653 629 1874 730; x_wconf 79' lang='lat' dir='ltr'><strong><em>superficies</em></strong></span> 
     </span>
     <span class='ocr_line' id='line_1_3' title="bbox 289 749 894 864; baseline -0.012 -22"><span class='ocrx_word' id='word_1_16' title='bbox 289 760 575 843; x_wconf 86' lang='lat' dir='ltr'><strong><em>accommodari</em></strong></span> <span class='ocrx_word' id='word_1_17' title='bbox 609 773 776 864; x_wconf 80' lang='lat' dir='ltr'><strong>oportet.</strong></span> <span class='ocrx_word' id='word_1_18' title='bbox 871 749 894 774; x_wconf 75' lang='grc'><em>“</em></span> 
     </span>
    </p>
   </div>
   <div class='ocr_carea' id='block_1_3' title="bbox 870 1008 1281 1088">
    <p class='ocr_par' dir='ltr' id='par_1_3' title="bbox 870 1008 1281 1088">
     <span class='ocr_line' id='line_1_4' title="bbox 870 1008 1281 1088; baseline -0.019 0"><span class='ocrx_word' id='word_1_19' title='bbox 870 1008 1171 1088; x_wconf 83' lang='lat' dir='ltr'>Definitio</span> <span class='ocrx_word' id='word_1_20' title='bbox 1243 1014 1281 1081; x_wconf 78' lang='grc'><strong><em>4.</em></strong></span> 
     </span>
    </p>
   </div>
   <div class='ocr_carea' id='block_1_4' title="bbox 292 1153 1980 1645">
    <p class='ocr_par' dir='ltr' id='par_1_4' title="bbox 292 1153 1980 1648">
     <span class='ocr_line' id='line_1_5' title="bbox 452 1153 1980 1259; baseline -0.007 -23"><span class='ocrx_word' id='word_1_21' title='bbox 452 1171 522 1236; x_wconf 85' lang='grc' dir='ltr'><strong><em>2ο.</em></strong></span> <span class='ocrx_word' id='word_1_22' title='bbox 590 1157 746 1233; x_wconf 84' lang='lat' dir='ltr'><strong><em>Relatio</em></strong></span> <span class='ocrx_word' id='word_1_23' title='bbox 788 1163 892 1235; x_wconf 87' lang='lat' dir='ltr'><strong><em>inter</em></strong></span> <span class='ocrx_word' id='word_1_24' title='bbox 932 1167 1070 1234; x_wconf 86' lang='lat' dir='ltr'><strong><em>ternus</em></strong></span> <span class='ocrx_word' id='word_1_25' title='bbox 1104 1153 1318 1232; x_wconf 76' lang='lat' dir='ltr'><strong><em>variabiles</em></strong></span> <span class='ocrx_word' id='word_1_26' title='bbox 1351 1159 1473 1230; x_wconf 83' lang='lat' dir='ltr'><strong><em>unica</em></strong></span> <span class='ocrx_word' id='word_1_27' title='bbox 1507 1164 1751 1257; x_wconf 76' lang='lat' dir='ltr'><strong><em>aequatione</em></strong></span> <span class='ocrx_word' id='word_1_28' title='bbox 1786 1159 1882 1259; x_wconf 85' lang='lat' dir='ltr'><strong><em>defi·</em></strong></span> <span class='ocrx_word' id='word_1_29' title='bbox 1954 1207 1980 1226; x_wconf 86' lang='lat'><em>.</em></span> 
     </span>
     <span class='ocr_line' id='line_1_6' title="bbox 292 1278 1980 1388; baseline -0.005 -20"><span class='ocrx_word' id='word_1_30' title='bbox 292 1296 400 1385; x_wconf 86' lang='lat' dir='ltr'><strong><em>nitu,</em></strong></span> <span class='ocrx_word' id='word_1_31' title='bbox 443 1295 487 1362; x_wconf 85' lang='lat' dir='ltr'><strong><em>ut</em></strong></span> <span class='ocrx_word' id='word_1_32' title='bbox 521 1309 606 1363; x_wconf 88' lang='lat' dir='ltr'><strong><em>uua</em></strong></span> <span class='ocrx_word' id='word_1_33' title='bbox 638 1307 781 1359; x_wconf 88' lang='lat' dir='ltr'><strong><em>eurum</em></strong></span> <span class='ocrx_word' id='word_1_34' title='bbox 813 1292 1007 1388; x_wconf 77' lang='lat' dir='ltr'><strong><em>aequetur</em></strong></span> <span class='ocrx_word' id='word_1_35' title='bbox 1029 1281 1246 1380; x_wconf 84' lang='lat' dir='ltr'><strong><em>functioni</em></strong></span> <span class='ocrx_word' id='word_1_36' title='bbox 1279 1278 1469 1357; x_wconf 83' lang='lat' dir='ltr'><strong><em>binarum</em></strong></span> <span class='ocrx_word' id='word_1_37' title='bbox 1502 1285 1772 1386; x_wconf 86' lang='lat' dir='ltr'><strong><em>reliquarum,</em></strong></span> <span class='ocrx_word' id='word_1_38' title='bbox 1813 1308 1882 1361; x_wconf 88' lang='lat' dir='ltr'><strong><em>va·</em></strong></span> <span class='ocrx_word' id='word_1_39' title='bbox 1946 1330 1980 1347; x_wconf 88' lang='lat'>-</span> 
     </span>
     <span class='ocr_line' id='line_1_7' title="bbox 293 1405 1980 1507; baseline -0.002 -13"><span class='ocrx_word' id='word_1_40' title='bbox 293 1422 398 1495; x_wconf 83' lang='lat' dir='ltr'><strong><em>riari</em></strong></span> <span class='ocrx_word' id='word_1_41' title='bbox 432 1415 600 1503; x_wconf 87' lang='lat' dir='ltr'><strong><em>dieitur,</em></strong></span> <span class='ocrx_word' id='word_1_42' title='bbox 650 1413 778 1487; x_wconf 78' lang='lat' dir='ltr'><strong><em>rivel</em></strong></span> <span class='ocrx_word' id='word_1_43' title='bbox 809 1435 895 1487; x_wconf 88' lang='lat' dir='ltr'><strong><em>uua</em></strong></span> <span class='ocrx_word' id='word_1_44' title='bbox 926 1412 990 1489; x_wconf 87' lang='lat' dir='ltr'><strong><em>uel</em></strong></span> <span class='ocrx_word' id='word_1_45' title='bbox 1020 1433 1158 1486; x_wconf 83' lang='lat' dir='ltr'><strong><em>omnes</em></strong></span> <span class='ocrx_word' id='word_1_46' title='bbox 1191 1416 1271 1484; x_wconf 86' lang='lat' dir='ltr'><strong><em>tres</em></strong></span> <span class='ocrx_word' id='word_1_47' title='bbox 1305 1405 1398 1480; x_wconf 90' lang='lat' dir='ltr'><strong><em>illue</em></strong></span> <span class='ocrx_word' id='word_1_48' title='bbox 1429 1409 1645 1486; x_wconf 80' lang='lat' dir='ltr'><strong><em>variabiles</em></strong></span> <span class='ocrx_word' id='word_1_49' title='bbox 1674 1412 1886 1507; x_wconf 77' lang='lat' dir='ltr'><strong><em>particulis</em></strong></span> <span class='ocrx_word' id='word_1_50' title='bbox 1933 1438 1980 1490; x_wconf 58' lang='grc' dir='ltr'>π</span> 
     </span>
     <span class='ocr_line' id='line_1_8' title="bbox 294 1537 1745 1645; baseline -0.003 -26"><span class='ocrx_word' id='word_1_51' title='bbox 294 1547 454 1645; x_wconf 79' lang='lat' dir='ltr'><strong><em>infinite</em></strong></span> <span class='ocrx_word' id='word_1_52' title='bbox 473 1537 622 1639; x_wconf 74' lang='lat' dir='ltr'><strong><em>&#39;parvis</em></strong></span> <span class='ocrx_word' id='word_1_53' title='bbox 656 1545 903 1635; x_wconf 76' lang='lat' dir='ltr'><strong><em>stuprantur,</em></strong></span> <span class='ocrx_word' id='word_1_54' title='bbox 938 1561 1041 1638; x_wconf 86' lang='lat' dir='ltr'><strong><em>quae</em></strong></span> <span class='ocrx_word' id='word_1_55' title='bbox 1075 1558 1218 1612; x_wconf 90' lang='lat' dir='ltr'><strong><em>earum</em></strong></span> <span class='ocrx_word' id='word_1_56' title='bbox 1249 1537 1501 1613; x_wconf 81' lang='lat' dir='ltr'><strong><em>variationes</em></strong></span> <span class='ocrx_word' id='word_1_57' title='bbox 1531 1544 1745 1615; x_wconf 85' lang='lat' dir='ltr'><strong><em>vocantur.</em></strong></span> 
     </span>
    </p>
   </div>
   <div class='ocr_carea' id='block_1_5' title="bbox 906 1791 1282 1892">
    <p class='ocr_par' dir='ltr' id='par_1_5' title="bbox 906 1791 1282 1892">
     <span class='ocr_line' id='line_1_9' title="bbox 906 1791 1282 1892; baseline -0.016 -21"><span class='ocrx_word' id='word_1_58' title='bbox 906 1791 1282 1892; x_wconf 78' lang='lat' dir='ltr'><strong><em>Explicatis.</em></strong></span> 
     </span>
    </p>
   </div>
   <div class='ocr_carea' id='block_1_6' title="bbox 259 1943 1974 4191">
    <p class='ocr_par' dir='ltr' id='par_1_6' title="bbox 259 1943 1974 4191">
     <span class='ocr_line' id='line_1_10' title="bbox 459 1943 1974 2064; baseline 0 -23"><span class='ocrx_word' id='word_1_59' title='bbox 459 1975 532 2053; x_wconf 73' lang='lat'><strong><em>21,</em></strong></span> <span class='ocrx_word' id='word_1_60' title='bbox 601 1964 793 2059; x_wconf 81' lang='lat' dir='ltr'><strong><em>Quoniam</em></strong></span> <span class='ocrx_word' id='word_1_61' title='bbox 827 1943 889 2041; x_wconf 86' lang='lat' dir='ltr'><strong><em>hie</em></strong></span> <span class='ocrx_word' id='word_1_62' title='bbox 922 1963 1059 2041; x_wconf 89' lang='lat' dir='ltr'><strong><em>relatio</em></strong></span> <span class='ocrx_word' id='word_1_63' title='bbox 1092 1960 1190 2038; x_wconf 91' lang='lat' dir='ltr'><strong><em>inter</em></strong></span> <span class='ocrx_word' id='word_1_64' title='bbox 1225 1973 1357 2038; x_wconf 87' lang='lat' dir='ltr'><strong><em>ternas</em></strong></span> <span class='ocrx_word' id='word_1_65' title='bbox 1379 1961 1581 2042; x_wconf 81' lang='lat' dir='ltr'><strong><em>variabiles</em></strong></span> <span class='ocrx_word' id='word_1_66' title='bbox 1605 1966 1719 2042; x_wconf 86' lang='lat' dir='ltr'><strong><em>unica</em></strong></span> <span class='ocrx_word' id='word_1_67' title='bbox 1748 1987 1974 2064; x_wconf 86' lang='lat' dir='ltr'><strong><em>aequa·—</em></strong></span> 
     </span>
     <span class='ocr_line' id='line_1_11' title="bbox 301 2086 1945 2191; baseline 0 -23"><span class='ocrx_word' id='word_1_68' title='bbox 301 2096 404 2171; x_wconf 87' lang='lat' dir='ltr'><strong><em>rione</em></strong></span> <span class='ocrx_word' id='word_1_69' title='bbox 437 2091 585 2167; x_wconf 88' lang='lat' dir='ltr'><strong><em>deliniri</em></strong></span> <span class='ocrx_word' id='word_1_70' title='bbox 619 2089 794 2191; x_wconf 90' lang='lat' dir='ltr'><strong><em>ponitur,</em></strong></span> <span class='ocrx_word' id='word_1_71' title='bbox 845 2091 991 2167; x_wconf 92' lang='lat' dir='ltr'><strong><em>duabus</em></strong></span> <span class='ocrx_word' id='word_1_72' title='bbox 1023 2114 1097 2190; x_wconf 92' lang='lat' dir='ltr'><strong><em>pro</em></strong></span> <span class='ocrx_word' id='word_1_73' title='bbox 1130 2086 1291 2165; x_wconf 86' lang='lat' dir='ltr'><strong><em>arbitrio</em></strong></span> <span class='ocrx_word' id='word_1_74' title='bbox 1323 2087 1455 2165; x_wconf 87' lang='lat' dir='ltr'><strong><em>sumtis</em></strong></span> <span class='ocrx_word' id='word_1_75' title='bbox 1492 2089 1605 2165; x_wconf 90' lang='lat' dir='ltr'><strong><em>tertia</em></strong></span> <span class='ocrx_word' id='word_1_76' title='bbox 1636 2091 1793 2167; x_wconf 88' lang='lat' dir='ltr'><strong><em>demum</em></strong></span> <span class='ocrx_word' id='word_1_77' title='bbox 1827 2090 1945 2170; x_wconf 87' lang='lat' dir='ltr'><strong><em>de-</em></strong></span> 
     </span>
     <span class='ocr_line' id='line_1_12' title="bbox 300 2213 1916 2317; baseline -0.001 -19"><span class='ocrx_word' id='word_1_78' title='bbox 300 2218 548 2311; x_wconf 88' lang='lat' dir='ltr'><strong><em>terminatur,</em></strong></span> <span class='ocrx_word' id='word_1_79' title='bbox 598 2217 651 2292; x_wconf 91' lang='lat' dir='ltr'><strong><em>ita</em></strong></span> <span class='ocrx_word' id='word_1_80' title='bbox 690 2229 732 2292; x_wconf 92' lang='lat' dir='ltr'><strong><em>ut</em></strong></span> <span class='ocrx_word' id='word_1_81' title='bbox 772 2241 846 2317; x_wconf 90' lang='lat' dir='ltr'><strong><em>pro</em></strong></span> <span class='ocrx_word' id='word_1_82' title='bbox 888 2217 1083 2294; x_wconf 81' lang='lat' dir='ltr'><strong><em>functione</em></strong></span> <span class='ocrx_word' id='word_1_83' title='bbox 1122 2217 1284 2291; x_wconf 89' lang='lat' dir='ltr'><strong><em>duarum</em></strong></span> <span class='ocrx_word' id='word_1_84' title='bbox 1327 2213 1565 2291; x_wconf 86' lang='lat' dir='ltr'><strong><em>variabilium</em></strong></span> <span class='ocrx_word' id='word_1_85' title='bbox 1612 2216 1662 2294; x_wconf 89' lang='lat' dir='ltr'><strong><em>sit</em></strong></span> <span class='ocrx_word' id='word_1_86' title='bbox 1701 2219 1916 2297; x_wconf 83' lang='lat' dir='ltr'><strong><em>habenda.</em></strong></span> 
     </span>
     <span class='ocr_line' id='line_1_13' title="bbox 299 2339 1907 2448; baseline -0.002 -22"><span class='ocrx_word' id='word_1_87' title='bbox 299 2349 359 2427; x_wconf 85' lang='lat' dir='ltr'><strong><em>Ea</em></strong></span> <span class='ocrx_word' id='word_1_88' title='bbox 398 2369 493 2447; x_wconf 80' lang='lat' dir='ltr'><strong><em>ergo</em></strong></span> <span class='ocrx_word' id='word_1_89' title='bbox 534 2342 721 2420; x_wconf 79' lang='lat' dir='ltr'><strong><em>relatione</em></strong></span> <span class='ocrx_word' id='word_1_90' title='bbox 762 2367 840 2419; x_wconf 91' lang='lat' dir='ltr'><strong><em>non</em></strong></span> <span class='ocrx_word' id='word_1_91' title='bbox 884 2344 1073 2441; x_wconf 90' lang='lat' dir='ltr'><strong><em>quaedam</em></strong></span> <span class='ocrx_word' id='word_1_92' title='bbox 1114 2341 1215 2418; x_wconf 90' lang='lat' dir='ltr'><strong><em>linea</em></strong></span> <span class='ocrx_word' id='word_1_93' title='bbox 1256 2364 1396 2435; x_wconf 88' lang='lat' dir='ltr'><strong><em>curva,</em></strong></span> <span class='ocrx_word' id='word_1_94' title='bbox 1450 2339 1482 2417; x_wconf 92' lang='lat' dir='ltr'><strong><em>si</em></strong></span> <span class='ocrx_word' id='word_1_95' title='bbox 1531 2365 1615 2419; x_wconf 88' lang='lat' dir='ltr'><strong><em>rem</em></strong></span> <span class='ocrx_word' id='word_1_96' title='bbox 1656 2343 1708 2419; x_wconf 91' lang='lat' dir='ltr'><strong><em>ad</em></strong></span> <span class='ocrx_word' id='word_1_97' title='bbox 1750 2345 1907 2448; x_wconf 71' lang='lat' dir='ltr'><strong><em>figuras</em></strong></span> 
     </span>
     <span class='ocr_line' id='line_1_14' title="bbox 300 2467 1900 2575; baseline 0.001 -24"><span class='ocrx_word' id='word_1_98' title='bbox 300 2473 511 2551; x_wconf 86' lang='lat' dir='ltr'><strong><em>transferre</em></strong></span> <span class='ocrx_word' id='word_1_99' title='bbox 545 2468 725 2570; x_wconf 83' lang='lat' dir='ltr'><strong><em>velimus,</em></strong></span> <span class='ocrx_word' id='word_1_100' title='bbox 776 2467 985 2560; x_wconf 89' lang='lat' dir='ltr'><strong><em>indicatur,</em></strong></span> <span class='ocrx_word' id='word_1_101' title='bbox 1032 2471 1102 2547; x_wconf 86' lang='lat' dir='ltr'><strong><em>sed</em></strong></span> <span class='ocrx_word' id='word_1_102' title='bbox 1143 2480 1225 2544; x_wconf 88' lang='lat' dir='ltr'><strong><em>tota</em></strong></span> <span class='ocrx_word' id='word_1_103' title='bbox 1264 2467 1453 2567; x_wconf 87' lang='lat' dir='ltr'><strong><em>quaedam</em></strong></span> <span class='ocrx_word' id='word_1_104' title='bbox 1495 2467 1737 2569; x_wconf 85' lang='lat' dir='ltr'><strong><em>superficies,</em></strong></span> <span class='ocrx_word' id='word_1_105' title='bbox 1788 2472 1900 2575; x_wconf 85' lang='lat' dir='ltr'><strong><em>cujus</em></strong></span> 
     </span>
     <span class='ocr_line' id='line_1_15' title="bbox 301 2588 1890 2697; baseline -0.001 -21"><span class='ocrx_word' id='word_1_106' title='bbox 301 2588 447 2677; x_wconf 84' lang='lat' dir='ltr'><strong><em>natura</em></strong></span> <span class='ocrx_word' id='word_1_107' title='bbox 475 2594 700 2697; x_wconf 79' lang='lat' dir='ltr'><strong><em>aequatione</em></strong></span> <span class='ocrx_word' id='word_1_108' title='bbox 734 2594 833 2670; x_wconf 88' lang='lat' dir='ltr'><strong><em>inter</em></strong></span> <span class='ocrx_word' id='word_1_109' title='bbox 866 2606 995 2694; x_wconf 83' lang='lat' dir='ltr'><strong><em>ternas</em></strong></span> <span class='ocrx_word' id='word_1_110' title='bbox 1030 2593 1279 2672; x_wconf 75' lang='lat' dir='ltr'><strong><em>coordinatus</em></strong></span> <span class='ocrx_word' id='word_1_111' title='bbox 1312 2592 1557 2693; x_wconf 81' lang='lat' dir='ltr'><strong><em>exprimitur,</em></strong></span> <span class='ocrx_word' id='word_1_112' title='bbox 1589 2620 1637 2672; x_wconf 83' lang='lat' dir='ltr'><strong><em>er</em></strong></span> <span class='ocrx_word' id='word_1_113' title='bbox 1670 2620 1750 2695; x_wconf 92' lang='lat' dir='ltr'><strong><em>quo</em></strong></span> <span class='ocrx_word' id='word_1_114' title='bbox 1784 2598 1890 2677; x_wconf 87' lang='lat' dir='ltr'><strong><em>intel·</em></strong></span> 
     </span>
     <span class='ocr_line' id='line_1_16' title="bbox 304 2719 1890 2827; baseline 0.001 -25"><span class='ocrx_word' id='word_1_115' title='bbox 304 2723 443 2827; x_wconf 85' lang='lat' dir='ltr'><strong><em>ligitur,</em></strong></span> <span class='ocrx_word' id='word_1_116' title='bbox 473 2721 609 2797; x_wconf 87' lang='lat' dir='ltr'><strong><em>eadem</em></strong></span> <span class='ocrx_word' id='word_1_117' title='bbox 643 2719 834 2796; x_wconf 78' lang='lat' dir='ltr'><strong><em>relatione</em></strong></span> <span class='ocrx_word' id='word_1_118' title='bbox 866 2721 1017 2796; x_wconf 87' lang='lat' dir='ltr'><strong><em>variata</em></strong></span> <span class='ocrx_word' id='word_1_119' title='bbox 1050 2720 1162 2796; x_wconf 89' lang='lat' dir='ltr'><strong><em>aliam</em></strong></span> <span class='ocrx_word' id='word_1_120' title='bbox 1198 2720 1441 2818; x_wconf 86' lang='lat' dir='ltr'><strong><em>superficiem</em></strong></span> <span class='ocrx_word' id='word_1_121' title='bbox 1474 2723 1523 2797; x_wconf 93' lang='lat' dir='ltr'><strong><em>ab</em></strong></span> <span class='ocrx_word' id='word_1_122' title='bbox 1556 2722 1621 2801; x_wconf 93' lang='lat' dir='ltr'><strong><em>illa</em></strong></span> <span class='ocrx_word' id='word_1_123' title='bbox 1652 2721 1801 2803; x_wconf 88' lang='lat' dir='ltr'><strong><em>infinite</em></strong></span> <span class='ocrx_word' id='word_1_124' title='bbox 1826 2748 1890 2826; x_wconf 84' lang='lat' dir='ltr'><strong><em>pa·</em></strong></span> 
     </span>
     <span class='ocr_line' id='line_1_17' title="bbox 301 2845 1891 2949; baseline 0.003 -23"><span class='ocrx_word' id='word_1_125' title='bbox 301 2873 387 2926; x_wconf 88' lang='lat' dir='ltr'><strong><em>rum</em></strong></span> <span class='ocrx_word' id='word_1_126' title='bbox 420 2846 665 2926; x_wconf 85' lang='lat' dir='ltr'><strong><em>dissidentem</em></strong></span> <span class='ocrx_word' id='word_1_127' title='bbox 699 2845 1000 2945; x_wconf 83' lang='lat' dir='ltr'><strong><em>repraesentari,</em></strong></span> <span class='ocrx_word' id='word_1_128' title='bbox 1034 2871 1131 2946; x_wconf 90' lang='lat' dir='ltr'><strong><em>quae</em></strong></span> <span class='ocrx_word' id='word_1_129' title='bbox 1166 2845 1327 2922; x_wconf 86' lang='lat' dir='ltr'><strong><em>variatio</em></strong></span> <span class='ocrx_word' id='word_1_130' title='bbox 1359 2847 1413 2923; x_wconf 89' lang='lat' dir='ltr'><strong><em>ita</em></strong></span> <span class='ocrx_word' id='word_1_131' title='bbox 1447 2847 1629 2926; x_wconf 88' lang='lat' dir='ltr'><strong><em>latissime</em></strong></span> <span class='ocrx_word' id='word_1_132' title='bbox 1662 2863 1802 2949; x_wconf 86' lang='lat' dir='ltr'><strong><em>patere</em></strong></span> <span class='ocrx_word' id='word_1_133' title='bbox 1830 2853 1891 2930; x_wconf 85' lang='lat' dir='ltr'><strong><em>de·</em></strong></span> 
     </span>
     <span class='ocr_line' id='line_1_18' title="bbox 303 2971 1893 3076; baseline 0.003 -24"><span class='ocrx_word' id='word_1_134' title='bbox 303 2979 389 3066; x_wconf 89' lang='lat' dir='ltr'><strong><em>bet,</em></strong></span> <span class='ocrx_word' id='word_1_135' title='bbox 436 2993 479 3051; x_wconf 90' lang='lat' dir='ltr'><strong><em>ut</em></strong></span> <span class='ocrx_word' id='word_1_136' title='bbox 510 2971 673 3048; x_wconf 87' lang='lat' dir='ltr'><strong><em>variatio</em></strong></span> <span class='ocrx_word' id='word_1_137' title='bbox 706 2973 768 3048; x_wconf 90' lang='lat' dir='ltr'><strong><em>vel</em></strong></span> <span class='ocrx_word' id='word_1_138' title='bbox 807 2986 959 3057; x_wconf 88' lang='lat' dir='ltr'><strong><em>tantum</em></strong></span> <span class='ocrx_word' id='word_1_139' title='bbox 994 2975 1042 3048; x_wconf 91' lang='lat' dir='ltr'><strong><em>ad</em></strong></span> <span class='ocrx_word' id='word_1_140' title='bbox 1076 2971 1297 3073; x_wconf 88' lang='lat' dir='ltr'><strong><em>quampiam</em></strong></span> <span class='ocrx_word' id='word_1_141' title='bbox 1330 2973 1547 3072; x_wconf 87' lang='lat' dir='ltr'><strong><em>superficiei</em></strong></span> <span class='ocrx_word' id='word_1_142' title='bbox 1579 2974 1804 3076; x_wconf 88' lang='lat' dir='ltr'><strong><em>portionem</em></strong></span> <span class='ocrx_word' id='word_1_143' title='bbox 1834 3002 1893 3056; x_wconf 87' lang='lat' dir='ltr'><strong><em>re·</em></strong></span> 
     </span>
     <span class='ocr_line' id='line_1_19' title="bbox 305 3098 1896 3202; baseline 0.003 -23"><span class='ocrx_word' id='word_1_144' title='bbox 305 3098 439 3201; x_wconf 84' lang='lat' dir='ltr'><strong><em>stringi</em></strong></span> <span class='ocrx_word' id='word_1_145' title='bbox 472 3101 533 3177; x_wconf 85' lang='lat' dir='ltr'><strong><em>vel</em></strong></span> <span class='ocrx_word' id='word_1_146' title='bbox 566 3123 639 3199; x_wconf 88' lang='lat' dir='ltr'><strong><em>per</em></strong></span> <span class='ocrx_word' id='word_1_147' title='bbox 672 3110 796 3176; x_wconf 86' lang='lat' dir='ltr'><strong><em>totam</em></strong></span> <span class='ocrx_word' id='word_1_148' title='bbox 828 3100 980 3177; x_wconf 83' lang='lat' dir='ltr'><strong><em>extendi</em></strong></span> <span class='ocrx_word' id='word_1_149' title='bbox 1013 3099 1149 3200; x_wconf 86' lang='lat' dir='ltr'><strong><em>possit.</em></strong></span> <span class='ocrx_word' id='word_1_150' title='bbox 1238 3103 1356 3178; x_wconf 86' lang='lat' dir='ltr'><strong><em>Prout</em></strong></span> <span class='ocrx_word' id='word_1_151' title='bbox 1393 3098 1507 3202; x_wconf 87' lang='lat' dir='ltr'><strong><em>igitur</em></strong></span> <span class='ocrx_word' id='word_1_152' title='bbox 1542 3125 1629 3179; x_wconf 88' lang='lat' dir='ltr'><strong><em>eum</em></strong></span> <span class='ocrx_word' id='word_1_153' title='bbox 1663 3104 1801 3202; x_wconf 87' lang='lat' dir='ltr'><strong><em>quovis</em></strong></span> <span class='ocrx_word' id='word_1_154' title='bbox 1834 3127 1896 3183; x_wconf 84' lang='lat' dir='ltr'><strong><em>su·</em></strong></span> 
     </span>
     <span class='ocr_line' id='line_1_20' title="bbox 303 3224 1897 3330; baseline 0.006 -29"><span class='ocrx_word' id='word_1_155' title='bbox 303 3224 474 3329; x_wconf 86' lang='lat' dir='ltr'><strong><em>perficiei</em></strong></span> <span class='ocrx_word' id='word_1_156' title='bbox 505 3227 619 3303; x_wconf 88' lang='lat' dir='ltr'><strong><em>datae</em></strong></span> <span class='ocrx_word' id='word_1_157' title='bbox 652 3238 797 3325; x_wconf 89' lang='lat' dir='ltr'><strong><em>puncto</em></strong></span> <span class='ocrx_word' id='word_1_158' title='bbox 831 3227 934 3303; x_wconf 90' lang='lat' dir='ltr'><strong><em>aliud</em></strong></span> <span class='ocrx_word' id='word_1_159' title='bbox 975 3240 1159 3328; x_wconf 88' lang='lat' dir='ltr'><strong><em>punctum</em></strong></span> <span class='ocrx_word' id='word_1_160' title='bbox 1202 3225 1420 3324; x_wconf 88' lang='lat' dir='ltr'><strong><em>superficiei</em></strong></span> <span class='ocrx_word' id='word_1_161' title='bbox 1451 3224 1625 3307; x_wconf 85' lang='lat' dir='ltr'><strong><em>variatae</em></strong></span> <span class='ocrx_word' id='word_1_162' title='bbox 1658 3229 1709 3306; x_wconf 89' lang='lat' dir='ltr'><strong><em>illi</em></strong></span> <span class='ocrx_word' id='word_1_163' title='bbox 1742 3231 1897 3330; x_wconf 85' lang='lat' dir='ltr'><strong><em>quidem</em></strong></span> 
     </span>
     <span class='ocr_line' id='line_1_21' title="bbox 305 3352 1898 3458; baseline 0.003 -26"><span class='ocrx_word' id='word_1_164' title='bbox 305 3353 521 3456; x_wconf 79' lang='lat' dir='ltr'><strong><em>proximum</em></strong></span> <span class='ocrx_word' id='word_1_165' title='bbox 555 3365 825 3453; x_wconf 87' lang='lat' dir='ltr'><strong><em>conparatur,</em></strong></span> <span class='ocrx_word' id='word_1_166' title='bbox 858 3354 941 3430; x_wconf 88' lang='lat' dir='ltr'><strong><em>fieri</em></strong></span> <span class='ocrx_word' id='word_1_167' title='bbox 974 3374 1122 3454; x_wconf 88' lang='lat' dir='ltr'><strong><em>potest,</em></strong></span> <span class='ocrx_word' id='word_1_168' title='bbox 1161 3366 1203 3429; x_wconf 87' lang='lat' dir='ltr'><strong><em>ut</em></strong></span> <span class='ocrx_word' id='word_1_169' title='bbox 1235 3377 1311 3431; x_wconf 93' lang='lat' dir='ltr'><strong><em>non</em></strong></span> <span class='ocrx_word' id='word_1_170' title='bbox 1346 3352 1469 3430; x_wconf 89' lang='lat' dir='ltr'><strong><em>solum</em></strong></span> <span class='ocrx_word' id='word_1_171' title='bbox 1501 3353 1616 3432; x_wconf 86' lang='lat' dir='ltr'><strong><em>trium</em></strong></span> <span class='ocrx_word' id='word_1_172' title='bbox 1648 3358 1898 3458; x_wconf 82' lang='lat' dir='ltr'><strong><em>coordinata·</em></strong></span> 
     </span>
     <span class='ocr_line' id='line_1_22' title="bbox 304 3476 1899 3586; baseline 0.003 -28"><span class='ocrx_word' id='word_1_173' title='bbox 304 3506 390 3558; x_wconf 89' lang='lat' dir='ltr'><strong><em>rum</em></strong></span> <span class='ocrx_word' id='word_1_174' title='bbox 421 3503 499 3555; x_wconf 90' lang='lat' dir='ltr'><strong><em>una</em></strong></span> <span class='ocrx_word' id='word_1_175' title='bbox 530 3478 600 3556; x_wconf 88' lang='lat' dir='ltr'><strong><em>sed</em></strong></span> <span class='ocrx_word' id='word_1_176' title='bbox 632 3476 749 3556; x_wconf 76' lang='lat' dir='ltr'><strong><em>edam</em></strong></span> <span class='ocrx_word' id='word_1_177' title='bbox 782 3482 880 3557; x_wconf 89' lang='lat' dir='ltr'><strong><em>duae</em></strong></span> <span class='ocrx_word' id='word_1_178' title='bbox 912 3480 973 3556; x_wconf 91' lang='lat' dir='ltr'><strong><em>vel</em></strong></span> <span class='ocrx_word' id='word_1_179' title='bbox 1009 3482 1106 3557; x_wconf 91' lang='lat' dir='ltr'><strong><em>adeo</em></strong></span> <span class='ocrx_word' id='word_1_180' title='bbox 1141 3504 1274 3559; x_wconf 86' lang='lat' dir='ltr'><strong><em>omnes</em></strong></span> <span class='ocrx_word' id='word_1_181' title='bbox 1305 3496 1386 3560; x_wconf 89' lang='lat' dir='ltr'><strong><em>tres</em></strong></span> <span class='ocrx_word' id='word_1_182' title='bbox 1418 3477 1638 3578; x_wconf 81' lang='lat' dir='ltr'><strong><em>varientur3</em></strong></span> <span class='ocrx_word' id='word_1_183' title='bbox 1685 3485 1789 3562; x_wconf 90' lang='lat' dir='ltr'><strong><em>unde</em></strong></span> <span class='ocrx_word' id='word_1_184' title='bbox 1822 3509 1899 3586; x_wconf 89' lang='lat' dir='ltr'><strong><em>quo</em></strong></span> 
     </span>
     <span class='ocr_line' id='line_1_23' title="bbox 305 3603 1902 3715; baseline 0.004 -32"><span class='ocrx_word' id='word_1_185' title='bbox 305 3604 486 3683; x_wconf 89' lang='lat' dir='ltr'><strong><em>tractatio</em></strong></span> <span class='ocrx_word' id='word_1_186' title='bbox 526 3603 565 3680; x_wconf 90' lang='lat' dir='ltr'><strong><em>in</em></strong></span> <span class='ocrx_word' id='word_1_187' title='bbox 607 3605 709 3679; x_wconf 93' lang='lat' dir='ltr'><strong><em>omni</em></strong></span> <span class='ocrx_word' id='word_1_188' title='bbox 750 3606 998 3707; x_wconf 91' lang='lat' dir='ltr'><strong><em>amplitudine</em></strong></span> <span class='ocrx_word' id='word_1_189' title='bbox 1037 3606 1274 3701; x_wconf 89' lang='lat' dir='ltr'><strong><em>instituatur,</em></strong></span> <span class='ocrx_word' id='word_1_190' title='bbox 1318 3604 1520 3688; x_wconf 84' lang='lat' dir='ltr'><strong><em>conveniet</em></strong></span> <span class='ocrx_word' id='word_1_191' title='bbox 1564 3609 1693 3688; x_wconf 86' lang='lat' dir='ltr'><strong><em>statim</em></strong></span> <span class='ocrx_word' id='word_1_192' title='bbox 1741 3610 1902 3715; x_wconf 86' lang='lat' dir='ltr'><strong><em>singulis</em></strong></span> 
     </span>
     <span class='ocr_line' id='line_1_24' title="bbox 309 3729 1902 3839; baseline 0.005 -30"><span class='ocrx_word' id='word_1_193' title='bbox 309 3729 544 3809; x_wconf 85' lang='lat' dir='ltr'><strong><em>coordinatis</em></strong></span> <span class='ocrx_word' id='word_1_194' title='bbox 585 3751 674 3810; x_wconf 88' lang='lat' dir='ltr'><strong><em>suas</em></strong></span> <span class='ocrx_word' id='word_1_195' title='bbox 713 3731 848 3809; x_wconf 83' lang='lat' dir='ltr'><strong><em>tribui</em></strong></span> <span class='ocrx_word' id='word_1_196' title='bbox 867 3732 1119 3827; x_wconf 84' lang='lat' dir='ltr'><strong><em>variationes,</em></strong></span> <span class='ocrx_word' id='word_1_197' title='bbox 1166 3757 1263 3831; x_wconf 88' lang='lat' dir='ltr'><strong><em>quas</em></strong></span> <span class='ocrx_word' id='word_1_198' title='bbox 1307 3744 1520 3836; x_wconf 87' lang='lat' dir='ltr'><strong><em>propterea</em></strong></span> <span class='ocrx_word' id='word_1_199' title='bbox 1559 3734 1612 3813; x_wconf 90' lang='lat' dir='ltr'><strong><em>ita</em></strong></span> <span class='ocrx_word' id='word_1_200' title='bbox 1650 3752 1902 3839; x_wconf 86' lang='lat' dir='ltr'><strong><em>comparatas</em></strong></span> 
     </span>
     <span class='ocr_line' id='line_1_25' title="bbox 259 3859 1904 3967; baseline 0.005 -32"><span class='ocrx_word' id='word_1_201' title='bbox 259 3909 269 3921; x_wconf 65' lang='grc'><strong>»</strong></span> <span class='ocrx_word' id='word_1_202' title='bbox 311 3880 396 3936; x_wconf 87' lang='lat' dir='ltr'><strong><em>esse</em></strong></span> <span class='ocrx_word' id='word_1_203' title='bbox 426 3868 605 3958; x_wconf 89' lang='lat' dir='ltr'><strong><em>oportet,</em></strong></span> <span class='ocrx_word' id='word_1_204' title='bbox 654 3867 697 3933; x_wconf 87' lang='lat' dir='ltr'><strong><em>ut</em></strong></span> <span class='ocrx_word' id='word_1_205' title='bbox 738 3869 921 3960; x_wconf 90' lang='lat' dir='ltr'><strong><em>tanquam</em></strong></span> <span class='ocrx_word' id='word_1_206' title='bbox 962 3859 1177 3936; x_wconf 87' lang='lat' dir='ltr'><strong><em>functiones</em></strong></span> <span class='ocrx_word' id='word_1_207' title='bbox 1225 3859 1400 3938; x_wconf 89' lang='lat' dir='ltr'><strong><em>binarum</em></strong></span> <span class='ocrx_word' id='word_1_208' title='bbox 1445 3861 1683 3940; x_wconf 87' lang='lat' dir='ltr'><strong><em>variabilium</em></strong></span> <span class='ocrx_word' id='word_1_209' title='bbox 1730 3869 1904 3967; x_wconf 88' lang='lat' dir='ltr'><strong><em>spectari</em></strong></span> 
     </span>
     <span class='ocr_line' id='line_1_26' title="bbox 312 3982 1903 4091; baseline 0.007 -30"><span class='ocrx_word' id='word_1_210' title='bbox 312 3985 479 4086; x_wconf 88' lang='lat' dir='ltr'><strong><em>possint,</em></strong></span> <span class='ocrx_word' id='word_1_211' title='bbox 530 4007 617 4061; x_wconf 85' lang='lat' dir='ltr'><strong><em>eum</em></strong></span> <span class='ocrx_word' id='word_1_212' title='bbox 658 3982 756 4062; x_wconf 89' lang='lat' dir='ltr'><strong><em>binis</em></strong></span> <span class='ocrx_word' id='word_1_213' title='bbox 795 3987 947 4068; x_wconf 89' lang='lat' dir='ltr'><strong><em>demum</em></strong></span> <span class='ocrx_word' id='word_1_214' title='bbox 988 3983 1250 4067; x_wconf 84' lang='lat' dir='ltr'><strong><em>determinatis</em></strong></span> <span class='ocrx_word' id='word_1_215' title='bbox 1293 3984 1511 4086; x_wconf 87' lang='lat' dir='ltr'><strong><em>superficiei</em></strong></span> <span class='ocrx_word' id='word_1_216' title='bbox 1554 4003 1738 4091; x_wconf 86' lang='lat' dir='ltr'><strong><em>punctum</em></strong></span> <span class='ocrx_word' id='word_1_217' title='bbox 1774 3993 1903 4072; x_wconf 86' lang='lat' dir='ltr'><strong><em>deter-</em></strong></span> 
     </span>
     <span class='ocr_line' id='line_1_27' title="bbox 310 4105 1640 4191; baseline 0 -1"><span class='ocrx_word' id='word_1_218' title='bbox 310 4111 486 4191; x_wconf 88' lang='lat' dir='ltr'><strong><em>minetur.</em></strong></span> <span class='ocrx_word' id='word_1_219' title='bbox 533 4171 537 4178; x_wconf 90' lang='lat'><em>.</em></span> <span class='ocrx_word' id='word_1_220' title='bbox 707 4105 713 4114; x_wconf 79' lang='grc'>’</span> <span class='ocrx_word' id='word_1_221' title='bbox 1634 4122 1640 4133; x_wconf 89' lang='grc'><em>“</em></span> 
     </span>
    </p>
   </div>
   <div class='ocr_carea' id='block_1_7' title="bbox 845 4270 1377 4393">
    <p class='ocr_par' dir='ltr' id='par_1_7' title="bbox 845 4270 1377 4393">
     <span class='ocr_line' id='line_1_28' title="bbox 845 4270 1377 4393; baseline -0.006 -2"><span class='ocrx_word' id='word_1_222' title='bbox 845 4270 1286 4393; x_wconf 77' lang='lat' dir='ltr'><strong><em>Corollarium</em></strong></span> <span class='ocrx_word' id='word_1_223' title='bbox 1338 4324 1377 4392; x_wconf 85' lang='lat'><strong><em>2.</em></strong></span> 
     </span>
    </p>
   </div>
   <div class='ocr_carea' id='block_1_8' title="bbox 317 4452 1907 4692">
    <p class='ocr_par' dir='ltr' id='par_1_8' title="bbox 317 4452 1907 4692">
     <span class='ocr_line' id='line_1_29' title="bbox 404 4452 1907 4564; baseline 0.008 -34"><span class='ocrx_word' id='word_1_224' title='bbox 404 4452 410 4457; x_wconf 79' lang='grc'><strong><em>’</em></strong></span> <span class='ocrx_word' id='word_1_225' title='bbox 479 4466 553 4533; x_wconf 89' lang='grc'><strong><em>22.</em></strong></span> <span class='ocrx_word' id='word_1_226' title='bbox 621 4459 657 4535; x_wconf 89' lang='lat' dir='ltr'><strong><em>Si</em></strong></span> <span class='ocrx_word' id='word_1_227' title='bbox 689 4460 808 4561; x_wconf 83' lang='lat' dir='ltr'><strong><em>igitur</em></strong></span> <span class='ocrx_word' id='word_1_228' title='bbox 840 4473 920 4540; x_wconf 85' lang='lat' dir='ltr'><strong><em>tres</em></strong></span> <span class='ocrx_word' id='word_1_229' title='bbox 953 4462 1158 4543; x_wconf 83' lang='lat' dir='ltr'><strong><em>variabiles</em></strong></span> <span class='ocrx_word' id='word_1_230' title='bbox 1191 4488 1261 4542; x_wconf 88' lang='lat' dir='ltr'><strong><em>seu</em></strong></span> <span class='ocrx_word' id='word_1_231' title='bbox 1293 4463 1544 4559; x_wconf 76' lang='lat' dir='ltr'><strong><em>deordinatae</em></strong></span> <span class='ocrx_word' id='word_1_232' title='bbox 1578 4463 1655 4541; x_wconf 92' lang='lat' dir='ltr'><strong><em>sint</em></strong></span> <span class='ocrx_word' id='word_1_233' title='bbox 1686 4488 1732 4558; x_wconf 78' lang='lat' dir='ltr'><strong><em>a,</em></strong></span> <span class='ocrx_word' id='word_1_234' title='bbox 1753 4480 1785 4564; x_wconf 79' lang='lat' dir='ltr'><em>y</em></span> <span class='ocrx_word' id='word_1_235' title='bbox 1805 4483 1848 4542; x_wconf 87' lang='lat' dir='ltr'><strong><em>et</em></strong></span> <span class='ocrx_word' id='word_1_236' title='bbox 1866 4486 1907 4553; x_wconf 81' lang='lat' dir='ltr'><strong><em>z,</em></strong></span> 
     </span>
     <span class='ocr_line' id='line_1_30' title="bbox 317 4580 1899 4692; baseline 0.009 -35"><span class='ocrx_word' id='word_1_237' title='bbox 317 4580 643 4680; x_wconf 87' lang='lat' dir='ltr'><strong><em>quemadmodum</em></strong></span> <span class='ocrx_word' id='word_1_238' title='bbox 677 4610 725 4663; x_wconf 80' lang='lat' dir='ltr'><strong><em>ex</em></strong></span> <span class='ocrx_word' id='word_1_239' title='bbox 757 4585 944 4666; x_wconf 85' lang='lat' dir='ltr'><strong><em>relatione</em></strong></span> <span class='ocrx_word' id='word_1_240' title='bbox 978 4589 1074 4667; x_wconf 89' lang='lat' dir='ltr'><strong><em>binis</em></strong></span> <span class='ocrx_word' id='word_1_241' title='bbox 1107 4617 1140 4666; x_wconf 81' lang='lat' dir='ltr'><strong><em>a·</em></strong></span> <span class='ocrx_word' id='word_1_242' title='bbox 1174 4604 1213 4669; x_wconf 89' lang='lat' dir='ltr'><strong><em>et</em></strong></span> <span class='ocrx_word' id='word_1_243' title='bbox 1243 4613 1273 4690; x_wconf 75' lang='lat' dir='ltr'><em>y</em></span> <span class='ocrx_word' id='word_1_244' title='bbox 1304 4615 1378 4692; x_wconf 90' lang='lat' dir='ltr'><strong><em>pro</em></strong></span> <span class='ocrx_word' id='word_1_245' title='bbox 1412 4589 1530 4669; x_wconf 90' lang='lat' dir='ltr'><strong><em>lubitu</em></strong></span> <span class='ocrx_word' id='word_1_246' title='bbox 1558 4594 1711 4668; x_wconf 86' lang='lat' dir='ltr'><strong><em>valorea</em></strong></span> <span class='ocrx_word' id='word_1_247' title='bbox 1735 4590 1899 4670; x_wconf 84' lang='lat' dir='ltr'><strong><em>tribuere</em></strong></span> 
     </span>
    </p>
   </div>
   <div class='ocr_carea' id='block_1_9' title="bbox 0 0 2151 5686">
    <p class='ocr_par' dir='ltr' id='par_1_9' title="bbox 0 0 2151 5686">
     <span class='ocr_line' id='line_1_31' title="bbox 0 0 2151 5686; baseline 0 0"><span class='ocrx_word' id='word_1_248' title='bbox 0 0 2151 5686; x_wconf 95' lang='lat' dir='ltr'><strong><em> </em></strong></span> 
     </span>
    </p>
   </div>
  </div>
 </body>
</html>
