4260 5686
881 456 1102 532 CAPUT
1168 454 1237 538 111.

806 1697 1214 1775 Corollarium
1284 1710 1323 1778 2.

435 1902 506 1974 87.
574 1893 609 1968 Si
653 1892 823 1988 quaestio
862 1892 910 1966 sit
950 1893 997 1966 de
1032 1891 1131 1968 linea
1166 1919 1315 1985 curva,
1366 1872 1491 1994 priora
1532 1919 1624 1994 pars
1660 1894 1853 1996 integralis

267 2026 444 2104 valorem
478 2045 549 2121 per
581 2034 702 2096 totam
736 2042 897 2094 curvam
931 2020 979 2095 ab
1012 2016 1118 2095 initio
1150 2044 1272 2118 usque
1305 2022 1354 2095 ad
1390 2021 1610 2112 terminum,
1645 2022 1705 2095 obi
1740 2045 1852 2098 coor-

266 2154 426 2230 dinatus
466 2173 499 2225 x
531 2161 630 2245 ety
677 2146 917 2236 subsistunt,
967 2161 1203 2246 congregat,
1242 2146 1350 2223 simul
1386 2173 1518 2224 ornnes
1551 2147 1783 2223 variationes
1815 2153 1854 2225 in

270 2279 431 2381 singulis
472 2298 615 2352 curvae
664 2271 818 2374 punctis
868 2273 990 2349 saetas
1034 2273 1325 2369 complectens,
1375 2275 1462 2349 dum
1513 2274 1682 2373 reliquae
1724 2290 1855 2375 partes

271 2406 470 2484 absolutae
512 2415 656 2479 tantum
698 2424 770 2498 per
815 2397 1048 2476 variationes
1090 2398 1128 2474 in
1172 2402 1411 2479 extremitate
1446 2425 1588 2478 curvae
1630 2384 1855 2515 sactasde·

272 2534 466 2611 finiuntur.

801 2811 1218 2888 Corollariurn
1288 2819 1326 2888 3.

449 3007 519 3076 88.
587 2997 622 3074 Si
669 3020 826 3076 curvam
877 3000 1113 3079 coordinatis
1159 3027 1193 3075 ar
1233 3012 1273 3075 et
1312 3020 1341 3098 y
1396 2999 1587 3075 definitam
1638 3012 1679 3076 ut
1728 3002 1856 3077 datam

273 3143 504 3233 spectemus
536 3124 684 3222 aliaque
718 3151 836 3203 curva
858 3129 906 3202 ab
921 3152 965 3204 ea
998 3128 1119 3203 infinit
1150 3150 1308 3226 eperum
1333 3128 1558 3225 discrepans
1582 3126 1857 3225 consideretur,

275 3261 366 3337 dum
406 3258 444 3332 in
482 3254 637 3356 singuiis
675 3253 828 3355 punctis
870 3255 1019 3354 utrique
1061 3253 1307 3330 coordinatus
1341 3251 1572 3328 variationes
1605 3276 1857 3354 quaecunque

275 3385 519 3475 tribuuntur,
569 3381 766 3482 expressio
802 3382 958 3457 inventa
1000 3382 1172 3473 indicat,
1218 3391 1400 3479 quantum
1441 3378 1628 3455 formulae
1662 3370 1858 3482 integralis

267 3504 426 3611 sVdae
465 3509 576 3584 valor
615 3533 662 3585 ex
704 3532 823 3585 curva
862 3509 1013 3583 variata
1053 3509 1239 3588 collectus
1279 3521 1438 3608 superat
1476 3508 1650 3608 ejusdem
1687 3506 1858 3585 valorem

276 3663 323 3718 ex
355 3638 439 3739 ipsa
474 3659 593 3714 curva
626 3637 715 3713 data
749 3639 977 3713 desumtutn.
1507 3610 1512 3617 ⁵

811 3952 1217 4029 Corollarium
1286 3951 1367 4056 d..

440 4161 512 4234 89.
579 4153 675 4224 Cum
718 4151 767 4227 sit
808 4129 1195 4245 ozia-pia,
1242 4157 1351 4244 patet
1390 4147 1490 4221 hanc
1533 4142 1785 4255 quantitatem
1828 4170 1856 4225 ω

276 4300 538 4370 evanescere,
587 4278 618 4351 si
660 4278 697 4352 in
738 4275 894 4374 singulis
938 4276 1088 4374 punctis
1130 4270 1362 4350 variationes
1406 4254 1468 4349 dx
1502 4253 1631 4367 etdy
1671 4267 1723 4344 ita
1759 4270 1860 4348 acci·

276 4406 458 4508 piantur,
510 4420 552 4480 ut
585 4405 633 4480 sit

505 4555 1287 4671 dyadxzpzazbyzdae.
