4266 5700
373 402 460 474 ω(
638 502 643 509 ,
796 362 1245 509 ,,’,ε(ν,((3..(.
1358 488 1362 493 ,

305 612 491 701 nendum,
524 635 620 709 quse
655 623 713 686 est
744 610 994 689 differentisle
1027 612 1144 709 ipsius
1177 637 1201 686 v
1233 611 1494 691 variabilitatis
1534 615 1651 690 solius
1684 613 1873 711 quantita-

309 736 355 810 tis
389 762 416 811 z
454 737 604 813 ratione
647 735 786 813 habita.
854 737 954 815 Hinc
993 750 1129 836 patet,
1179 738 1369 836 quomodo
1411 761 1482 835 per
1520 737 1878 814 differentistionern

309 861 539 958 quantitates
571 863 665 939 istae
695 886 733 960 p,
768 889 792 963 q
825 877 865 939 et
896 888 918 937 r
950 863 1108 939 seorsim
1141 861 1216 940 sint
1250 861 1523 955 inveniendae,
1574 887 1671 962 quas
1703 865 1763 938 liic
1799 863 1879 936 lor·

307 987 429 1063 mulas
462 987 731 1063 differentiales
766 989 876 1086 primi
910 991 1050 1087 gradus
1067 964 1286 1064 ‘functionis
1317 1014 1341 1062 v
1375 990 1603 1087 appellabo,
1652 1003 1691 1064 et
1724 1012 1772 1063 ne
1808 1011 1879 1062 no·

306 1113 363 1186 vis
405 1112 539 1188 litteris
586 1114 625 1186 in
666 1114 853 1189 calculum
897 1114 1180 1190 introducendis
1221 1115 1269 1192 sit
1309 1136 1431 1211 opus,
1481 1139 1546 1191 eas
1588 1129 1747 1190 naturae
1788 1135 1881 1188 suae

311 1238 578 1315 convenienter
611 1238 665 1312 ita
696 1239 873 1315 indicabo

529 1391 1365 1558 a:(}‡)‚q=(}y⁹),r:(}g).

255 1659 262 1667 -
310 1609 512 1701 Quaelibet
552 1637 644 1715 ergo
684 1612 827 1690 functio
869 1640 891 1688 u
932 1613 1044 1690 trium
1086 1612 1322 1689 variabiliutu
1354 1640 1410 1703 x,
1456 1637 1486 1710 y
1518 1626 1557 1690 et
1589 1642 1614 1691 z
1649 1629 1729 1692 tres
1762 1616 1880 1689 habet

311 1735 494 1809 formulas
527 1738 797 1817 differentiales
832 1741 943 1841 primi
977 1740 1120 1841 gradus
1154 1738 1205 1812 ita
1239 1738 1493 1839 designandas

533 1867 641 2025 (33,
691 1871 937 2038 (33(33

264 2110 266 2115 v
313 2072 351 2145 in
392 2095 551 2166 quarum
583 2068 749 2187 qualibet
781 2071 917 2147 unicae
949 2072 1140 2148 variabilis
1174 2077 1271 2151 ratio
1306 2077 1477 2161 habetur,
1517 2073 1604 2144 dum
1644 2069 1758 2144 binae
1792 2069 1901 2143 reli-'

309 2220 407 2293 quae
446 2211 488 2272 ut
519 2192 739 2274 constantes
772 2208 1006 2295 spectantur,
1038 2222 1078 2272 et
1109 2199 1289 2295 quoniam
1323 2196 1588 2273 differentialis
1619 2218 1691 2294 per
1724 2193 1880 2269 divisio·

308 2346 396 2396 nem
446 2323 641 2412 tolluntur,
680 2326 754 2395 hae
799 2322 985 2399 formulae
1026 2323 1294 2403 differentiales
1336 2324 1385 2399 ad
1426 2324 1588 2398 classem
1628 2319 1879 2417 quantitatum

309 2449 499 2522 finitarum
525 2462 619 2524 -snnt
653 2447 890 2525 referendae.
1016 2514 1022 2525 .

847 2694 1256 2778 Corollarium
1330 2715 1366 2779 1·

475 2882 578 2954 lat.
645 2877 700 2951 En
734 2878 852 2952 tribus
875 2878 1046 2952 formulis
1071 2852 1393 2952 'differentialibus
1429 2877 1627 2951 functionis
1662 2895 1684 2945 v
1717 2873 1878 2949 inventis

313 3010 392 3107 ejus
427 3002 674 3080 differentiale
707 3002 815 3078 solito
851 3027 958 3079 more
992 3016 1153 3080 sumtum
1185 3004 1237 3078 ita
1272 3012 1476 3090 constatur,
1509 3016 1547 3075 ut
1580 3004 1627 3077 sit

537 3132 1446 3300 ὼτὼῶψὼθψὼῶ

315 3359 419 3457 cujus
463 3380 558 3455 ergo
603 3359 748 3428 formae
789 3357 953 3437 vicissim
993 3357 1178 3457 integrale
1200 3314 1278 3430 ¹‘est
1318 3328 1401 3452 ipsa
1441 3355 1681 3429 iliasunctio
1724 3382 1773 3449 υ,
1824 3357 1883 3430 vel

314 3485 427 3560 etiam
463 3483 596 3583 endem
631 3483 841 3578 quantitate
875 3508 1099 3582 quacunque
1132 3481 1211 3559 aive
1244 3496 1357 3558 aucta
1390 3481 1468 3555 sive
1502 3481 1656 3559 minuta.

840 3734 1259 3815 corollarium
1326 3749 1364 3811 2.

481 3928 583 3996 ⁴32.
651 3921 687 3994 si
720 3919 830 3997 trium
864 3920 1100 3997 variabilium
1132 3940 1182 4006 or,
1214 3939 1242 4009 y
1275 3929 1312 3991 et
1344 3939 1371 3988 z
1403 3910 1545 3989 functio
1579 3931 1604 3982 v
1638 3910 1749 3983 fuerit
1782 3912 1875 3985 dats.

319 4056 398 4154 ejus
433 4049 618 4128 formulae
649 4047 921 4126 differentiales
953 4046 1123 4148 singulae
1225 4056 1229 4063 '

543 4181 648 4353 ‹ll›
699 4179 807 4347 <tu
855 4180 962 4335 (33,

317 4389 449 4461 iterum
490 4397 602 4461 eruut
635 4383 847 4459 functiones
879 4396 1008 4461 certae
1041 4383 1245 4473 earundem
1279 4377 1512 4454 variabilium
1546 4401 1590 4465 x,
1622 4394 1650 4470 y
1683 4385 1721 4450 et
1752 4398 1779 4446 z
1812 4394 1877 4470 per

319 4510 676 4587 disterentiatiouem
710 4509 820 4603 facile
862 4510 1121 4599 inveniendae.
1191 4506 1346 4599 Interim
1386 4522 1512 4579 tamen
1546 4501 1712 4575 evenire.
1744 4512 1876 4598 potest,
