4260 5686
888 452 1112 531 CAPUT
1178 454 1242 529 vt.
1703 456 1788 533 ⁴75

920 643 1209 725 Scholion.

437 827 538 903 158.
606 824 734 904 Dubio
765 822 828 904 hie
857 823 1014 903 occurri
1055 824 1171 902 debet
1203 821 1293 900 inde
1332 818 1520 909 oriundo,
1572 819 1675 918 quod
1707 821 1857 920 quanti·

267 962 386 1029 tatem
421 975 448 1026 z
487 962 529 1026 ut
571 949 806 1033 functionem
835 952 1012 1032 binarum
1044 976 1076 1026 ac
1109 962 1207 1050 ety
1247 951 1500 1051 spectandam
1541 970 1626 1025 esse
1668 945 1856 1028 diximus:

268 1077 451 1178 quoniam
484 1076 586 1156 enim
618 1078 712 1180 ipsis
744 1106 778 1157 aa
811 1091 850 1158 et
882 1102 911 1178 y
952 1080 1076 1157 nullas
1114 1075 1348 1156 van‘ationes
1381 1075 1609 1166 tribuimus,
1656 1074 1688 1153 si
1719 1074 1759 1152 in
1790 1099 1858 1154 ex·

267 1205 471 1309 pressione
504 1204 539 1277 V
580 1208 665 1285 loco
698 1232 725 1284 z
764 1208 846 1311 ejus
885 1206 998 1284 valor
1030 1206 1068 1283 in
1101 1230 1134 1283 x
1168 1218 1207 1284 et
1240 1225 1270 1303 y
1310 1203 1630 1302 substitueretur,
1678 1224 1726 1278 ea
1772 1202 1858 1304 ipaa

269 1335 308 1410 in
340 1320 758 1413 meram‘fuactionem
797 1335 967 1436 ipsarum
1003 1359 1036 1409 x
1069 1347 1108 1411 et
1138 1357 1168 1431 y
1201 1330 1349 1423 abiret,
1396 1355 1520 1433 neque
1559 1348 1774 1430 propterea
1799 1330 1858 1406 al·

161 1549 167 1557 ⁴
271 1462 348 1537 lam
383 1430 637 1569 variationem
672 1472 775 1542 esset
806 1472 1024 1564 receptura.
1092 1459 1235 1538 verum
1267 1459 1481 1537 notandum
1512 1469 1600 1552 eat,
1648 1455 1800 1535 tametsi
1831 1480 1860 1533 z

270 1602 313 1664 ut
345 1574 508 1667 sunctio'
524 1589 696 1689 ipsarum
728 1615 762 1666 x
790 1602 832 1669 et
862 1610 892 1689 y
919 1587 1202 1682 ¹consideratur,
1235 1609 1321 1663 eam
1354 1598 1484 1666 tamen
1515 1586 1741 1687 pierumque
1773 1606 1861 1663 esse

271 1716 535 1818 incognitam,
583 1719 737 1818 quando
771 1715 917 1796 scilicet
949 1716 1029 1818 ejus
1062 1728 1241 1793 naturam
1276 1713 1429 1791 demum
1462 1736 1511 1789 ex
1542 1709 1760 1789 conditione
1791 1732 1860 1788 va·

273 1842 445 1921 riationis
480 1845 562 1922 erui
590 1855 775 1947 oportet3
824 1842 882 1922 sin
916 1825 1044 1919 autem
1077 1844 1164 1945 jam
1206 1842 1256 1920 ab
1289 1839 1395 1918 initio
1428 1852 1533 1919 esset
1562 1838 1680 1929 data,
1727 1849 1860 1918 tamen

275 1969 366 2048 dum
389 1972 550 2049 variatio
583 1971 793 2073 quaeritur,
825 1969 1056 2048 functionem
1090 1970 1191 2046 hanc
1223 1993 1252 2044 z
1282 1966 1391 2068 quasi
1423 1952 1659 2071 incognitam
1690 1964 1861 2068 spectari

275 2098 476 2192 convenit,
507 2100 738 2200 minimeque
769 2100 853 2204 ejus
884 2097 974 2177 loco
1005 2097 1183 2176 valorem
1214 2119 1289 2197 per
1319 2120 1353 2174 a·
1381 2105 1425 2175 et
1453 2114 1485 2195 y
1515 2114 1739 2197 expressam
1770 2092 1860 2172 aub-

275 2225 378 2303 stitui
409 2226 524 2320 licet,
564 2240 771 2328 antequam
810 2223 1000 2321 variatio,
1040 2224 1185 2327 quippe
1216 2247 1317 2325 quae
1347 2245 1372 2301 a
1403 2223 1489 2306 sola
1520 2246 1548 2300 z
1577 2221 1749 2325 pendet,
1789 2242 1861 2323 pe·

273 2352 375 2434 nitus
406 2353 519 2435 fuerit
550 2355 763 2460 explorata.
