4260 5686
331 402 516 516 tm‘s
675 416 681 423 ’
869 441 1097 522 catur
1162 441 1234 521 ut
1323 376 1327 383 l

799 602 1206 709 eoi-ollulam
1274 639 1314 708 3.

435 772 508 893 ld.
561 809 675 881 »Dum
722 801 835 904 igitur
866 798 1034 895 sprmula
1081 800 1278 903 integralis
1327 801 1488 904 simplex
1537 802 1585 879 sit
1633 804 1862 905 hujusmodi

264 935 405 1068 siban,
437 941 501 1017 ubi
533 938 564 1008 v
603 947 662 1009 est
694 922 839 1004 taneta
873 929 1123 1046 quantitatum
1156 953 1200 1022 x,
1222 951 1262 1026 y.
1285 953 1323 1030 p,
1343 954 1381 1031 q,
1399 954 1433 1020 r,
1457 943 1532 1004 ete.
1566 931 1650 1032 ejus
1685 927 1861 1008 indolem

269 1065 571 1156 commodissime
606 1055 858 1149 differentiales
892 1056 973 1156 ejus
1005 1055 1335 1154 repraesentabit,
1368 1055 1398 1131 si
1432 1056 1603 1133 dicamus
1637 1080 1729 1134 esse

492 1203 551 1294 dl
573 1227 633 1284 .·:
653 1196 755 1287 Mdv
771 1215 831 1290 -l-
844 1195 935 1301 Ndy
955 1196 1108 1303 ÷1³dp
1130 1218 1189 1302 -t-
1207 1194 1297 1299 Qdo
1313 1204 1377 1300 -l—
1394 1195 1478 1285 Rdr
1497 1219 1556 1302 4-
1580 1191 1655 1280 et'c.

911 1436 1239 1516 Scholion(
1606 1484 1649 1539 0

431 1619 500 1701 tt.
567 1610 771 1709 Distingno
811 1605 872 1681 hic
914 1606 1098 1684 formulas
1140 1607 1348 1708 integrales
1389 1602 1580 1704 simplices
1626 1628 1649 1678 a
1687 1602 1856 1702 eompli-

267 1753 386 1842 catis,
419 1747 457 1819 in
491 1742 625 1841 quibus
659 1732 863 1834 integratio
897 1735 1129 1834 proponitur
1161 1733 1348 1834 ejusmodi
1384 1730 1630 1806 formularum
1664 1730 1856 1805 differen-

266 1854 437 1962 tialium,
487 1892 584 1967 quae
619 1865 701 1964 jam
735 1861 843 1960 ipsae
881 1884 996 1934 unam
1037 1861 1213 1959 pluresve
1256 1859 1440 1936 formulas
1479 1857 1689 1957 integrales
1732 1856 1860 1932 invol-

266 1975 371 2082 runt.
437 1993 563 2072 Veluti
594 1991 625 2069 vsi
655 1987 778 2062 littera
812 2011 831 2061 s
865 1988 1022 2062 denotet
1054 1986 1242 2087 integrale

482 2122 1473 2253 sfflff÷ffizffiffo÷m

199 2305 201 2308 ’
266 2319 380 2400 atque
420 2290 613 2394 quantitas
645 2286 678 2361 v
719 2297 874 2383 praeter
915 2283 997 2360 illas
1037 2283 1266 2384 quantitates
1300 2283 1412 2357 etiam
1448 2286 1548 2358 hanc
1581 2308 1600 2358 s
1634 2278 1859 2373 eontineat,

267 2424 432 2506 t'ormula
462 2414 657 2517 integralis
682 2413 723 2509 s
726 2403 816 2492 de
856 2409 994 2486 merito
1028 2424 1207 2487 censetur
1239 2409 1496 2509 complicata,
1547 2413 1652 2513 eujus
1681 2410 1858 2507 ⁴variatio

113 2515 124 2522 ⁸
158 2527 161 2537 Ι
266 2545 474 2655 singularia
513 2550 726 2642 praesepta
767 2536 937 2635 postulat
967 2537 1152 2635 deinceps
1192 2537 1432 2638 exponenda.
1498 2538 1586 2613 Hoc
1622 2555 1755 2614 autem
1793 2562 1860 2613 ca·

267 2683 348 2781 pite
386 2673 513 2776 primo
555 2665 774 2743 methodum
808 2663 1059 2742 formularum
1108 2664 1348 2764 integralium
1397 2664 1626 2763 simplicium
1669 2666 1860 2742 variatio·

264 2831 334 2884 nes
368 2795 581 2878 inveniendi
614 2791 767 2868 tradere
803 2789 988 2867 constitui.
1120 2797 1124 2803 ’

834 3025 1160 3103 Theorema
1231 3038 1270 3103 2.

428 3205 450 3281 7
460 3201 498 3276 5.
566 3197 753 3275 Karistia
777 3194 993 3291 formulae
1031 3198 1240 3294 integralis
1264 3200 1305 3297 s
1305 3180 1363 3270 W
1390 3222 1542 3295 semper
1574 3203 1766 3300 aequalis
1802 3211 1861 3277 est

264 3346 453 3447 ittteqrali
491 3348 735 3421 variationis
776 3342 951 3436 omnem
985 3342 1199 3448 formulae
1240 3346 1548 3445 differentialis,
1597 3351 1715 3443 cajus
1754 3360 1860 3429 inte-

184 3522 190 3532 ’
265 3495 377 3592 prate
404 3497 674 3592 propositum
707 3514 777 3566 seu
814 3499 872 3606 est
905 3475 968 3592 ds
969 3494 1026 3567 W
1038 3517 1100 3572 ::
1104 3497 1140 3594 s
1149 3476 1171 3569 δ
1182 3494 1245 3579 W,

826 3733 1276 3813 Demonstratio.

427 3899 525 3973 Cum
558 3893 722 3974 variatio
755 3897 804 3975 sit
835 3923 1026 3993 excessus,
1058 3918 1137 4000 quo
1170 3905 1280 3980 valor
1312 3904 1481 3980 variatus
1515 3906 1696 4006 cujusque
1728 3917 1860 4008 quan·

248 4025 384 4118 ⁴titatis
416 4037 573 4124 superat
604 4027 686 4127 ejus
717 4025 889 4108 valorem
920 4030 1162 4124 naturalem,
1210 4030 1492 4145 perpendamus
1532 4033 1722 4124 formulae
1758 4065 1859 4139 pro·

264 4152 414 4255 positae
437 4153 480 4251 s
480 4151 532 4224 W
564 4151 734 4227 valorem
767 4153 968 4249 variatum,
1002 4182 1114 4255 quem
1147 4158 1331 4260 obtinet,
1357 4159 1388 4235 si
1422 4156 1509 4235 loeo
1542 4160 1785 4241 variabilium
1823 4196 1858 4244 x

265 4296 304 4354 et
335 4303 364 4377 y
397 4278 605 4355 earundem
623 4279 791 4362 =salores
823 4281 900 4358 suis
932 4283 1206 4362 variationibus
1239 4267 1294 4359 dx
1326 4297 1367 4359 et
1397 4265 1449 4382 dy
1481 4287 1581 4361 aucti
1613 4291 1860 4373 substituan-

265 4421 339 4482 tur.
406 4405 505 4480 Cum
546 4415 675 4481 autem
710 4416 794 4480 tum
833 4408 1026 4504 quantitas
1065 4413 1117 4487 W
1161 4413 1274 4488 abeat
1314 4411 1352 4487 in
1393 4410 1445 4484 W
1468 4427 1526 4498 4-
1542 4395 1642 4507 dW,
1694 4419 1858 4502 formae

267 4530 492 4634 propositae
524 4531 634 4607 valor
666 4532 836 4612 variatus
868 4535 941 4612 erit
