4266 5700
488 384 579 542 m
643 510 648 520 ·
1054 446 1280 526 caPur
1344 447 1381 523 Ιι

424 683 537 753 netur
570 669 603 749 si
636 668 719 746 sola
752 694 784 744 x
817 690 891 768 pro
923 664 1096 742 variabili
1128 666 1338 758 habeatur,
1373 664 1411 741 in
1445 668 1519 753 bac
1552 686 1650 740 aero
1682 663 1851 740 formula
1871 658 2022 766 sldy

426 801 549 879 solam
580 823 609 897 y
642 821 716 897 pro
751 794 923 872 variabili
958 791 1114 868 haberi:
1162 792 1267 890 quod*
1296 790 1396 868 idem
1430 793 1635 870 tenendum
1670 804 1729 892 est
1762 792 2017 896 de'integra·

353 988 355 993 ,
425 927 591 1005 tionibus
623 922 795 1025 repetitis
829 921 945 999 veluti
969 912 1242 1023 sdeslldx‚
1283 920 1346 997 ubi
1386 921 1628 1028 inutraque
1662 919 1748 998 sola
1784 946 1816 994 x
1848 921 2018 1001 variabi-

424 1054 733 1145 lisassunritur,
780 1053 823 1127 in
858 1053 931 1128 hac
971 1073 1068 1126 uero
1093 1040 1373 1149 sapsde,
1413 1062 1615 1150 postquam
1656 1048 1844 1149 integrale
1866 1043 2023 1148 slldur

427 1209 472 1259 ex
507 1184 591 1261 sola
624 1178 806 1282 ipsiusne
837 1158 1090 1254 variabilitate·
1125 1176 1236 1252 suerit
1269 1188 1439 1268 erutum,
1488 1187 1579 1269 tum¹
1608 1177 1647 1253 in
1691 1176 1813 1253 altera
1846 1176 2022 1280 integra·

424 1311 535 1386 tione
562 1302 814 1410 sd‘psllbx
853 1305 976 1383 solam
1012 1329 1042 1405 y
1082 1302 1305 1381 variabilem
1347 1303 1610 1404 accipiendam
1659 1327 1759 1382 esse.
1836 1303 1889 1382 Et
1931 1330 2044 1407 curn·

426 1438 588 1534 perinde
620 1451 707 1513 utra
741 1433 945 1536 integratio
980 1433 1090 1534 prior
1124 1431 1358 1525 instituatur,
1390 1433 1507 1509 etiam
1540 1435 1617 1511 hoc
1650 1429 1857 1509 discrimen
1889 1457 2022 1509 erno·

425 1565 476 1641 do
507 1565 682 1666 signandi
716 1565 797 1641 tolli
828 1574 982 1664 potest,
1018 1563 1168 1664 hocque
1200 1560 1388 1662 integrale
1422 1558 1657 1664 geminatum
1689 1558 1744 1637 ita-
1767 1551 2033 1660 ss-dedy·

425 1693 613 1770 exbiberi:
647 1693 811 1791 hincque
844 1690 1084 1793 intelligitur,
1119 1691 1319 1791 quomodo
1345 1691 1418 1766 has
1451 1689 1638 1768 formulas

577 1837 946 1948 ssslldx²dy,
976 1833 1357 1946 seustlda'ay
1389 1835 1864 1944 etsm4³demdy'‚
1990 1852 1993 1858 '

280 2050 283 2055 ,
424 1999 672 2100 interpretari
706 2012 906 2098 oporteat3
951 2000 1012 2078 hic
1047 1998 1193 2079 scilicet
1231 1999 1341 2102 signo
1375 1997 1640 2101 integrationis
1667 2002 1708 2099 s
1734 1994 1879 2076 indices
1911 2001 2022 2076 suffi-

279 2180 284 2187 ·
426 2126 568 2243 gimus,
617 2153 776 2228 prorsus
818 2128 873 2204 uti
917 2129 1025 2230 signo
1064 2127 1397 2205 differentiationis
1443 2120 1468 2210 ὸ
1512 2127 1638 2229 suffigi
1679 2128 1822 2219 solent,
1875 2127 2031 2228 qnippe·

425 2255 488 2351 qui
516 2238 710 2350 indicant,
743 2257 891 2355 quoties
923 2256 1137 2357 integratio
1163 2257 1212 2334 sit
1243 2254 1467 2356 repetenda.

1027 2548 1296 2637 Scholion
1368 2571 1404 2634 2:
1511 2508 1516 2517 ι

592 2779 697 2852 389.
765 2769 938 2872 Singulas
979 2773 1048 2848 bas
1086 2771 1365 2874 integrationes
1403 2773 1641 2871 repetendas·
1678 2772 1732 2849 ita
1771 2770 1915 2849 institui
1957 2772 2031 2866 hie·

426 2892 669 2990 assumimus,
716 2899 890 2974 utnulla
924 2898 1060 2976 relatio
1098 2899 1198 2975 inter
1235 2899 1345 2976 binas
1389 2899 1593 2976 variabiles
1627 2926 1660 2977 a
1692 2909 1731 2976 et
1761 2919 1790 2999 y
1822 2899 1862 2976 in
1896 2901 2027 2976 subsi-

387 3097 391 3101 .
428 3021 530 3096 dium
563 3035 750 3118 vocetur,
786 3051 885 3124 quae
919 3028 1205 3105 circumstantia
1239 3050 1286 3123 eo
1321 3026 1538 3128 diligentius
1571 3041 1632 3105 est
1663 3027 2024 3118 animadvertenda,

429 3173 514 3223 cum
556 3150 691 3253 vulgo,
736 3153 798 3230 ubi
844 3155 981 3233 talibus
1021 3155 1352 3260 integrationibus,
1385 3178 1481 3253 opus
1520 3168 1597 3249 est,
1646 3156 1814 3234 calculus
1854 3178 2024 3256 prorsus

354 3373 357 3379 ¹
427 3275 581 3355 diverso
614 3280 730 3355 modo
762 3281 912 3359 institui«
936 3284 1087 3359 debeat.
1173 3283 1317 3380 Quodsi
1351 3284 1451 3359 enim
1485 3281 1684 3386 proposito
1715 3282 1897 3384 quopiam
1930 3308 2024 3358 cor-

403 3427 524 3502 pore
557 3408 819 3508 geometrico,
869 3411 950 3513 ejus
985 3410 1157 3488 soliditas
1201 3435 1269 3488 seu
1310 3411 1533 3512 superficies
1568 3411 1616 3489 sit
1648 3410 1914 3517 investiganda
1950 3435 2026 3510 per

425 3530 617 3632 duplicem
647 3534 946 3637 integrationem
973 3538 1189 3641 hujusmodi
1222 3539 1383 3616 formula
1406 3531 1658 3641 ssvbaed
1673 3561 1702 3639 y
1734 3537 1865 3616 evolvi
1894 3536 2028 3641 debet,

426 3657 614 3736 existente
650 3663 683 3736 V
723 3676 829 3741 certa
874 3665 1076 3744 functione·
1108 3667 1280 3770 ipsarum
1319 3693 1353 3744 x
1390 3682 1430 3744 et
1469 3692 1518 3768 μς
1578 3666 1642 3744 ubi
1691 3667 1846 3775 quidem
1890 3665 2025 3768 primo

355 3808 358 3812 ·
425 3786 620 3884 quaeritur
651 3788 838 3893 integrale
861 3786 1029 3895 sde
1062 3808 1239 3896 spectata
1272 3824 1305 3873 a·
1337 3808 1378 3870 ut
1410 3808 1630 3889 constante;
1681 3808 1720 3871 at
1752 3792 1929 3872 absoluta
1963 3796 2035 3871 in·-

426 3913 642 4014 tegratione
677 3920 727 3993 ad
759 3921 944 3999 terminos
977 3922 1224 4027 integrationi
1257 3922 1519 4025 praescriptos
1552 3922 1694 4024 respici
1731 3936 1899 4024 oportet,
1928 3912 2048 4023 dum,

426 4040 574 4120 scilicet
605 4044 728 4124 altero
760 4050 1057 4148 praescribitur,
1103 4065 1145 4129 ut
1183 4054 1262 4131 hoc.
1292 4051 1480 4152 integrale
1504 4055 1545 4152 s
1551 4053 1582 4127 V
1601 4042 1671 4151 dy
1702 4064 1910 4128 evanescat
1947 4076 2027 4152 po·

426 4166 498 4247 aito
531 4185 698 4270 31:20,
732 4175 866 4256 altero
889 4203 985 4256 uero
1017 4179 1063 4255 id·
1089 4205 1145 4258 eo>
1167 4204 1296 4281 usque
1323 4181 1603 4257 extendendum
1640 4191 1710 4274 eet,
1742 4179 1868 4256 donec
1900 4179 2040 4278 yda-

427 4309 504 4374 tae.
525 4299 699 4403 cuipiam>
723 4303 910 4383 functioni
941 4306 1063 4408 ipsius
1090 4333 1126 4384 ce
1159 4321 1355 4417 aequetur.
1438 4309 1536 4405 Tum
1574 4332 1669 4386 vero
1701 4316 1906 4408 postquam
1944 4309 2030 4383 boe

424 4422 610 4530 integrale
636 4424 801 4531 slldy
831 4433 905 4511 isto
939 4436 1057 4514 modo
1091 4436 1204 4513 suerit
1236 4435 1543 4531 determinatum,
1576 4440 1698 4516 altera
1732 4435 1887 4512 demum
1921 4435 2028 4514 inte·

426 4555 550 4652 gratio
585 4556 776 4635 formulae
809 4553 1062 4662 θωμὸν
1095 4563 1318 4666 suscipitur,
1353 4567 1391 4643 in
1425 4590 1500 4667 qua
1535 4555 1728 4665 quantitas
1759 4588 1788 4664 y
1820 4587 1900 4642 non
1937 4585 2028 4641 am-

424 4679 524 4784 plius
556 4683 675 4781 inest,
707 4687 798 4762 dum
818 4689 912 4791 ‚ejus
942 4691 1030 4769 loeo
1064 4704 1172 4771 certa
1205 4695 1407 4798 quaepiam
1442 4693 1585 4773 functio
1618 4693 1801 4795 ipsiusne
1835 4714 1895 4773 est
1930 4695 2029 4771 sub.-
