4260 5686
236 791 355 905 natae
387 818 660 922 inquisiturus,
709 821 925 901 observo
914 844 955 897 m
987 815 1045 895 his
1078 812 1251 894 formulis
1283 815 1534 897 variationem
1573 818 1822 922 exprimenti-

239 954 339 1043 bus,
387 947 451 1026 vel
491 949 743 1049 quantitatem
782 973 816 1029 n
864 947 928 1024 vel
968 942 1219 1047 quantitatem
1250 967 1280 1043 9
1310 928 1393 1046 'pro
1439 945 1629 1024 constanti
1668 949 1824 1048 haberi,

236 1088 354 1181 prout
392 1075 662 1155 denominator'
695 1078 953 1180 cujuscunque
993 1068 1157 1150 membri
1193 1072 1380 1149 declarat.
1446 1073 1589 1151 Verum
1626 1073 1659 1153 si
1699 1102 1822 1178 quan·

237 1204 388 1284 titatem
426 1229 460 1280 x
502 1216 744 1282 constantem
777 1228 935 1283 manere
974 1199 1185 1291 sumimus,
1234 1212 1427 1298 utcunque
1460 1198 1608 1278 interea
1640 1204 1763 1283 altera
1793 1221 1825 1308 9

237 1329 430 1410 mutabilis
462 1329 620 1424 existit,
657 1344 795 1411 natura
827 1330 883 1412 rei
916 1326 1110 1433 postulat,
1150 1338 1194 1402 ut
1224 1326 1340 1403 etiam
1374 1325 1608 1406 variationes
1639 1329 1758 1431 ipsius
1790 1357 1825 1409 m

237 1459 381 1536 nullam
411 1457 660 1536 mutationem
694 1464 868 1554 subeant,
900 1458 1004 1559 quod
1036 1471 1165 1530 autem
1198 1477 1310 1532 secus
1343 1454 1487 1551 evenit,
1518 1453 1552 1531 si
1582 1455 1744 1534 variatio
1766 1443 1823 1537 ds·

239 1609 391 1687 quoque
423 1609 449 1661 a
481 1584 692 1684 quantitate
724 1612 753 1687 9
785 1587 981 1690 pendeat,
1030 1582 1134 1683 quod
1167 1578 1269 1658 idem
1310 1580 1358 1658 de
1401 1581 1523 1658 altera
1561 1581 1737 1662 variabili
1767 1605 1824 1684 9,

239 1713 329 1788 dum
362 1722 545 1790 constans
577 1714 762 1813 ponitur,
811 1730 869 1794 est
900 1711 1121 1791 tenendum.
1185 1708 1245 1783 Ex
1276 1733 1354 1805 quo
1388 1706 1632 1787 manifestum
1663 1726 1751 1808 est,
1791 1709 1825 1788 si

236 1836 471 1917 variationes
504 1826 562 1919 dn·
605 1861 645 1917 et
677 1825 730 1940 δ9
769 1840 880 1919 simul
921 1840 971 1914 ab
1013 1836 1202 1913 ambabus
1243 1833 1488 1911 variabilibus
1521 1860 1554 1912 sc
1586 1850 1685 1937 ety
1724 1861 1822 1942 pen·

238 1966 331 2044 dere
363 1978 587 2060 sumantur,
619 1967 658 2042 id
691 1967 764 2066 ipsi
798 1963 1032 2068 hypothesi,
1081 1986 1160 2062 qua
1193 1962 1380 2038 alterutra
1412 1972 1603 2065 perpetuo
1637 1976 1822 2042 constans

235 2091 408 2194 ponitur,
442 2091 654 2170 adversari,
720 2093 984 2187 Quamobrem
1024 2090 1098 2165 hoc
1140 2086 1426 2166 incommodum
1468 2087 1579 2166 aliter
1610 2088 1723 2171 vitari
1755 2113 1825 2168 ue·

237 2219 329 2319 quit,
362 2217 433 2296 nisi
465 2229 689 2312 statuamus,
722 2219 977 2297 variationem
1008 2214 1128 2316 ipsius
1152 2239 1185 2289 :a
1217 2238 1379 2315 prorsus
1410 2239 1492 2294 non
1526 2217 1575 2292 ab
1609 2217 1732 2297 altera
1755 2241 1825 2295 va·

236 2345 360 2424 riabili
391 2366 448 2443 9,
492 2369 617 2443 neque
657 2348 767 2450 hujus
805 2345 1060 2425 variationem
1093 2331 1154 2440 δ9
1195 2343 1244 2418 ab
1280 2342 1401 2420 altera
1434 2371 1467 2420 x
1507 2343 1690 2441 pendere.
1760 2342 1825 2423 sta

197 2497 201 2519 ·
239 2485 364 2550 autem
398 2457 455 2550 dcc
486 2498 560 2575 per
592 2473 715 2551 solam
747 2501 792 2572 nc,
825 2498 866 2556 et
897 2456 948 2574 dy
979 2495 1053 2576 per
1086 2469 1211 2548 solam
1244 2491 1274 2567 9
1306 2471 1606 2573 determinatur,
1637 2483 1680 2550 ut
1711 2472 1762 2551 sit

460 2652 499 2718 et
548 2651 803 2776 (ay->²⁰
881 2651 921 2720 et
982 2602 1275 2761 (ᾖξ’)ει,

238 2808 310 2887 erit
342 2811 456 2891 etiarn

464 2941 753 3110 <aa
821 2986 861 3053 a
911 2940 1198 3108 essm

237 3173 367 3270 sicque
412 3173 527 3248 ambo
566 3171 620 3246 illi
661 3170 815 3248 valeres
856 3169 1122 3273 discrepantes
1162 3195 1236 3272 pro
1274 3156 1352 3249 δ
1307 3197 1332 3273 q
1388 3171 1532 3250 inventi
1572 3179 1622 3250 ad
1664 3199 1827 3257 consen·

236 3323 321 3376 sum
352 3298 626 3400 perducuntur.

835 3577 1112 3658 Scholion
1180 3568 1232 3659 2(

406 3780 510 3855 149.
574 3772 759 3854 Omnibus
798 3784 927 3853 autem
966 3777 1137 3856 dubiis
1127 3802 1167 3853 ιιι
1211 3781 1284 3853 hac
1325 3775 1619 3879 investigatione
1655 3772 1826 3851 felicissi·
1891 3840 1893 3845 .

240 3919 301 3974 me
334 3921 601 3991 occutr,emus
635 3901 668 3977 ¹si
699 3901 769 3979 soti
800 3903 1003 4001 quantitati
1034 3931 1062 3982 z
1093 3904 1327 3981 variationes
1360 3903 1596 3997 tribuamus,
1628 3900 1728 3978 binis
1761 3923 1823 3975 re·

238 4023 348 4124 liquis
381 4050 413 4100 ar
446 4037 485 4100 et
518 4051 547 4124 9
580 4027 736 4126 plane
727 4030 924 4107 rnvariatis
957 4030 1123 4126 relictis,
1157 4030 1209 4105 ita
1243 4043 1283 4105 ut
1316 4029 1363 4106 sit
1395 4041 1475 4106 tarn
1508 4015 1673 4108 δατ-,0
1711 4046 1826 4125 qnam

239 4133 367 4250 dy:
389 4161 441 4246 ο,
488 4176 564 4251 quo
598 4165 716 4259 pacto
749 4179 827 4231 non
859 4158 985 4235 solum
1019 4157 1166 4234 calculo
1201 4155 1436 4248 consulitur,
1486 4153 1703 4235 sedetiam
1734 4175 1826 4229 usus

241 4279 350 4380 hujus
385 4279 521 4356 calculi
553 4278 806 4362 variationum
841 4283 904 4360 vix
936 4283 1190 4386 restringitur.
1260 4283 1409 4378 Quodsi
1448 4284 1549 4363 enim
1582 4280 1827 4381 superficiem
1864 4308 1868 4319 ¹

240 4429 508 4506 quameunque
543 4431 631 4483 cum
665 4408 740 4485 alia
771 4408 842 4487 sibi
874 4411 1052 4510 proxima
1084 4413 1367 4513 comparamus,
1399 4410 1490 4489 nihil
1523 4409 1693 4510 impedit,
1727 4430 1824 4509 quo·
1985 4488 1990 4497 ,

236 4531 363 4612 minus
404 4534 555 4638 singula
591 4535 795 4640 proposita
836 4538 1053 4640 superficiei
1082 4552 1243 4643 -puncta
1284 4540 1335 4619 ad
1381 4562 1428 4619 ea
1464 4535 1639 4642 proxima
1679 4542 1826 4638 puncta
1959 4553 1961 4557 ’
