4260 5686
603 408 987 567 ranutrrortunr
1021 467 1519 548 nrrsanaurnurun.
1700 477 1791 559 tor

267 668 389 754 beat;
438 662 488 736 ad
532 662 606 737 hoc
649 673 777 739 antem
817 661 972 739 omnino
1014 682 1175 738 necesse
1214 673 1274 739 est
1318 674 1360 738 ut
1400 661 1586 763 integrale
1626 662 1858 765 completum

268 790 316 866 sit
349 786 619 889 exploratum,
667 787 757 863 dum
796 813 844 864 ex
883 787 1132 891 integralibus
1172 785 1467 890 particularibus
1505 789 1595 867 nihil
1637 791 1752 891 plane
1784 814 1857 891 pro

269 920 341 992 hoe
380 938 503 1015 acopo
546 913 778 994 concludere
827 913 927 996 licet.
995 913 1031 991 Si
1077 913 1179 991 enirn
1229 915 1432 1017 proposita
1472 915 1521 992 sit
1564 917 1742 1016 aequatio
1786 915 1858 993 dit·

270 1041 479 1120 serentialis

495 1183 999 1292 de÷Qdy:0,

271 1342 378 1440 cujus
419 1339 608 1441 integrale
648 1341 907 1441 completum,
956 1344 1208 1444 undecunque
1248 1339 1297 1419 ait
1329 1342 1549 1444 cognitum,
1598 1343 1789 1421 constabit
1822 1344 1860 1419 id

273 1465 529 1564 aequatione,
579 1489 679 1566 quae
728 1481 883 1564 praeter
927 1469 1036 1547 binas
1084 1469 1289 1547 variabiles
1326 1491 1361 1543 o:
1393 1482 1493 1568 ety
1541 1479 1580 1543 et
1627 1469 1861 1569 quantitates

273 1604 494 1671 constantes
535 1593 573 1669 in
613 1592 699 1693 ipsa
741 1593 966 1694 aequatione
1005 1596 1246 1674 differentiali
1280 1608 1480 1673 contentas
1521 1595 1679 1694 insuper
1711 1595 1860 1698 quanti·

273 1731 390 1796 tatem
437 1732 682 1796 constantem
727 1744 873 1799 noram
921 1746 1085 1821 prorsus
1132 1726 1182 1800 ab
1229 1720 1391 1800 arbitrio
1445 1741 1581 1798 nostro
1628 1723 1861 1822 pendentem

274 1846 562 1944 complectetur.
631 1846 742 1942 Quae
783 1849 814 1925 si
847 1848 974 1924 littera
1009 1850 1040 1925 C
1079 1849 1291 1940 indicetur,
1345 1859 1503 1926 eruatur
1543 1847 1627 1947 ejus
1668 1849 1781 1926 valor
1813 1875 1861 1927 ex

276 1972 502 2071 aequatione
535 1973 710 2076 integrali
728 2014 750 2066 ,·
786 1998 833 2050 ac
866 1975 1082 2074 reperiatur
1116 1977 1227 2057 C:
1242 1976 1304 2068 V,
1353 1974 1501 2073 eritque
1532 1975 1566 2049 V
1598 1987 1709 2053 certa
1742 2001 1860 2075 quae·

275 2103 363 2176 darn
397 2099 541 2178 functio
582 2101 753 2202 ipsarum
786 2126 818 2176 x
851 2112 892 2177 et
921 2126 976 2202 93
1023 2114 1101 2179 turn
1142 2114 1271 2180 autem
1303 2104 1376 2180 hac
1420 2100 1648 2202 aequatione
1680 2101 1860 2179 differen-

274 2229 368 2302 tiata
405 2238 512 2304 0:
528 2218 614 2320 bv,
663 2226 916 2306 differentiale
950 2223 1011 2313 bv
1043 2229 1262 2308 necessario
1303 2228 1357 2307 ita
1389 2227 1594 2307 formulam
1628 2227 1860 2308 differentia·
2009 2265 2013 2273 -

276 2356 350 2430 lem
382 2347 547 2452 Pdat-l-
567 2347 661 2452 Ωδμ
691 2354 890 2433 obntinere
922 2359 1064 2451 debet,
1110 2373 1152 2436 ut
1184 2357 1233 2434 sit

501 2494 560 2581 dl
595 2521 657 2579 ε·-
691 2488 736 2578 Μ
761 2496 872 2591 (de
905 2509 967 2602 -l-
1002 2497 1144 2605 Qun),

279 2682 324 2731 ex
366 2679 441 2754 qun
481 2658 607 2733 forma
646 2656 918 2757 multiplicator
958 2658 1005 2732 M
1023 2715 1038 2753 ,
1086 2659 1135 2734 ad
1177 2660 1251 2737 hoc
1291 2656 1479 2763 integrale
1522 2656 1681 2737 C.··.·:V
1721 2657 1862 2758 perdu·
1970 2719 1974 2728 .

278 2807 397 2875 cens,
446 2795 582 2885 sponte
616 2805 657 2860 se
691 2787 817 2863 offert

189 3147 201 3161 ,
443 3047 480 3114 8.
547 3037 637 3131 Quo
670 3039 767 3114 haec
801 3038 977 3139 operatio
1023 3039 1165 3143 aliquot
1199 3037 1381 3139 exemplis
1413 3036 1644 3132 illustretur,
1696 3047 1865 3116 sumatur

278 3167 403 3268 primo
438 3168 534 3243 haee
568 3164 746 3265 aequatio

280 3510 388 3607 cujus
426 3505 612 3607 integrale
653 3506 887 3607 completum
925 3530 1013 3584 cum
1053 3506 1101 3585 sit
1138 3511 1254 3607 umyl
1279 3529 1340 3586 ··...·
1369 3509 1429 3598 C,
1478 3505 1647 3584 instituta
1686 3504 1865 3586 differen-

279 3633 437 3709 tiatione
471 3633 601 3734 prodit

279 4100 380 4205 unde
413 4136 531 4227 patet,
564 4124 899 4227 multiplicatorem
934 4127 983 4201 ad
1016 4127 1091 4202 hoc
1124 4125 1310 4227 integrale
1341 4125 1543 4202 ducentem
1575 4091 1661 4203 esse
1694 4125 1822 4223 templ.

362 4471 366 4477 .
436 4400 588 4480 Deinde
620 4426 709 4481 cnm
743 4403 853 4506 bojas
885 4400 1124 4502 aequationis
