4260 5686
230 422 233 426 '
332 424 469 503 lli·
891 416 1112 495 CAPUT
1179 417 1230 495 ll.

266 610 503 704 referantur,
534 610 640 710 quod
671 609 783 711 longe
815 631 928 688 secus
959 609 1152 704 eveniret,
1195 609 1227 688 si
1260 633 1308 691 eo
1343 633 1436 687 casu
1469 636 1545 710 quo
1578 615 1732 693 unicum
1770 645 1857 695 cur·

266 763 340 817 vae
372 750 555 840 punctum
590 736 788 829 variatur,
836 736 964 814 statim
996 736 1180 815 vellemus
1209 737 1301 815 loco
1330 737 1634 818 differentialiuru
1669 744 1856 822 variatio·

266 891 357 944 num
391 866 546 943 valores
578 854 696 966 supra
729 860 781 971 (§.
823 866 916 956 st.)
948 863 1137 955 exhibitos
1168 854 1417 956 substituere,
1449 889 1523 964 quo
1557 868 1699 970 quippe
1734 889 1854 971 pacto

61 957 63 961 Ι
133 1035 136 1040 -
266 993 355 1069 ides
387 990 666 1094 integrationis,
696 994 777 1088 qua
806 991 880 1067 hae
912 988 1100 1068 formulae
1132 988 1316 1090 deinceps
1348 989 1538 1092 indigent,
1570 997 1853 1076 excluderetur.

267 1122 474 1197 Caeterum
514 1131 623 1219 patet
664 1116 856 1215 quomodo
892 1116 1063 1194 inventio
1107 1115 1364 1194 variationum
1403 1117 1456 1193 ad
1487 1133 1711 1199 consuetam
1744 1125 1854 1202 dille·

202 1234 205 1241 ’
269 1246 539 1324 rentiationem
571 1256 805 1338 revocetur,
840 1241 929 1319 dum
963 1256 1083 1320 toturn
1116 1241 1322 1320 discrimen
1354 1242 1393 1318 in
1426 1244 1677 1325 hortantum
1711 1262 1773 1329 est
1805 1253 1854 1330 si·

268 1386 375 1475 tum,
408 1387 450 1450 ut
481 1373 568 1449 loco
601 1372 858 1449 variationum
891 1352 959 1470 dp,
992 1353 1061 1472 δᾳ,
1093 1352 1161 1462 dr,
1193 1381 1269 1446 etc.
1310 1371 1463 1446 valores
1489 1373 1571 1470 jam
1603 1399 1696 1451 ante
1732 1379 1856 1481 assig-

270 1500 364 1590 nati,
395 1523 493 1598 quos
526 1498 677 1598 quidem
710 1502 816 1599 ipsos
849 1521 1002 1595 quoque
1034 1521 1106 1595 per
1138 1509 1364 1573 consuetam
1391 1496 1753 1586 differentiationern
1787 1507 1856 1579 eli·

268 1627 442 1717 enimus,
494 1625 781 1704 substituantur.
851 1621 1068 1699 Conveniet
1110 1637 1236 1698 autem
1278 1625 1378 1698 hanc
1411 1626 1673 1722 operationem
1710 1630 1857 1728 aliquot

269 1753 453 1848 exemplis
486 1753 692 1846 illustrari,
735 1776 811 1851 quo
845 1749 985 1827 clarius
1018 1749 1165 1828 indoles
1197 1747 1313 1826 totius
1347 1751 1456 1850 hujus
1490 1754 1732 1832 tractationis
1764 1781 1857 1858 per·

268 1896 456 1982 orpratur.¹

839 2096 1170 2196 Exemplum
1243 2105 1281 2172 t.

432 2290 501 2363 66.
568 2287 783 2364 Formulae
824 2286 1128 2385 subtanqentem
1172 2286 1434 2387 exprimentis
1476 2247 1542 2414 ἐξ
1582 2289 1862 2361 variationem

269 2459 457 2513 invenus.

435 2667 496 2744 Ob
545 2659 614 2768 dy
641 2656 839 2764 :pdx
890 2668 985 2744 haec
1036 2665 1197 2743 formula
1248 2662 1287 2734 fit
1327 2643 1377 2793 Ξ,
1425 2662 1524 2736 unde
1567 2663 1648 2763 ejus
1699 2661 1860 2737 variatio

269 2798 391 2971 {2—
412 2797 497 2971 ’ἐξ
513 2895 523 2929 ,
573 2832 635 2908 ubi
670 2831 755 2906 loco
788 2810 843 2929 dp
878 2831 1010 2933 valore
1045 2832 1275 2920 substituto,
1325 2829 1365 2902 fit
1399 2854 1445 2906 es

196 3380 199 3385 .
267 3316 414 3417 positae
448 3318 631 3394 nascitur.

834 3531 1173 3631 Exemplum
1242 3541 1282 3606 2.

431 3719 502 3797 ⁶7.
568 3721 784 3796 Formulaa
817 3727 948 3820 ipsam
984 3729 1217 3818 tanqenlcm
1249 3725 1507 3821 exprimentis

267 3866 537 3939 variationem
571 3871 760 3948 invertire.

426 4053 558 4133 Posito
593 4051 826 4160 &yzpdx
860 4059 1025 4162 praebet
1060 4061 1159 4136 hanc
1196 4060 1358 4138 formam
1395 4019 1571 4134 finitam..

487 4187 511 4337 Ξ
546 4234 575 4313 v
616 4215 658 4297 <¹
704 4213 768 4303 4-
794 4218 896 4308 aa),

265 4371 364 4446 unde
399 4374 559 4449 variatio
593 4381 769 4475 quaesita
801 4399 861 4456 est
