4260 5686
252 413 254 417 ’
344 445 433 520 aaa
765 493 767 497 a
914 428 1238 513 uanum

280 646 597 750 praesentandas.
618 683 636 712 ι
657 678 660 685 ·
681 643 798 742 Quod
835 644 937 722 idem
971 642 1026 719 de
1058 638 1189 717 ternis.
1209 637 1495 759 qpibuscunque
1529 639 1780 718 variabilibus
1809 664 1841 721 es
1898 631 1926 691 l

278 777 506 870 tenendum,
527 770 686 853 etiamsi
717 795 797 849 non
832 770 882 848 ad
915 767 1166 871 geometriam
1197 767 1429 843 reserantur.
1521 826 1524 831 ,

819 1044 1231 1122 corollarium
1302 1051 1340 1115 4.

397 1303 402 1313 ,
452 1196 521 1302 li.
588 1215 702 1293 Simili
735 1210 890 1315 quoque
922 1204 1041 1289 modo
1075 1211 1107 1288 si
1140 1209 1276 1289 relatio
1311 1222 1455 1286 tantum
1489 1211 1588 1288 inter
1623 1213 1718 1288 duas
1744 1212 1859 1286 varia·

188 1381 191 1393 ·
282 1344 379 1456 biles¹
412 1357 675 1453 proponatur,
716 1367 846 1443 earum
881 1337 1114 1435 variationes
1149 1351 1331 1437 tanquam
1364 1338 1579 1416 iunctiones
1614 1337 1770 1415 alterius
1803 1361 1861 1410 va·

183 1458 186 1466 ¹
225 1549 230 1558 ,
281 1471 423 1550 riabilis
466 1468 633 1572 spectari
673 1482 849 1570 possunt,
896 1466 1013 1544 modo
1057 1463 1132 1545 sint
1171 1465 1311 1541 infinite
1347 1456 1514 1564 parvae,
1562 1466 1630 1541 aed
1667 1464 1773 1562 quod
1806 1488 1863 1555 eu·

282 1598 368 1675 dem
400 1597 517 1691 redit,
549 1624 622 1699 per
655 1595 902 1697 quantitatem
935 1591 1079 1670 infinite
1098 1617 1274 1694 parvam
1312 1592 1596 1691 multiplicatae.

873 1867 1158 1965 Scholion
1231 1878 1267 1944 1.

451 2053 520 2121 18.
589 2040 855 2120 Consideratio
897 2053 1022 2117 autem
1067 2038 1304 2140 geometrica
1336 2037 1501 2116 maxime
1534 2051 1593 2116 est
1623 2041 1791 2118 ideonea
1823 2041 1872 2115 ad

177 2223 183 2243 .
284 2175 354 2249 has
397 2171 678 2271 speculationes
718 2162 984 2261 illustrandas,
1046 2188 1145 2265 quae
1181 2164 1221 2242 in
1263 2189 1407 2268 genere
1444 2166 1719 2245 consideratae
1761 2165 1873 2242 nimia

285 2300 505 2374 abstractae
545 2310 657 2396 atque
700 2295 816 2373 etiam
858 2318 982 2397 vagae
1023 2293 1145 2370 videri
1185 2306 1340 2392 queant.
1438 2293 1562 2371 Casus
1603 2294 1719 2397 igitur
1758 2291 1875 2369 trium

286 2424 521 2500 variabilium
564 2446 724 2522 quarum
764 2421 900 2498 relatio
943 2422 1090 2510 duabus
1132 2419 1420 2518 aequationibus
1463 2421 1610 2498 definiri
1652 2418 1875 2512 assumitur,

286 2548 579 2627 luculentissime
619 2572 710 2647 per,
732 2573 891 2623 curvam
924 2571 1003 2624 non
1037 2546 1077 2622 in
1109 2545 1245 2622 eodem
1279 2548 1396 2648 plano
1432 2545 1667 2649 descriptam
1700 2545 1876 2646 explica·

286 2690 363 2770 tur,
415 2677 503 2750 dum
536 2673 607 2749 illis
640 2672 885 2750 variabilibus
918 2685 1051 2750 ternae
1095 2672 1343 2776 coordinatae
1377 2673 1639 2776 designantur.
1722 2672 1878 2766 Quodsi

286 2801 384 2879 enim
418 2802 465 2877 de
498 2799 719 2902 hujusmodi·
743 2800 869 2877 curvis
902 2799 1076 2898 quaestio
1109 2782 1343 2892 instituatur,
1395 2812 1438 2878 ut
1473 2801 1573 2880 inter
1612 2823 1678 2878 eas
1711 2797 1877 2876 definia-

284 2926 349 3006 tur
382 2951 429 3004 ea
463 2952 561 3024 quae
594 2925 747 3002 maximi
769 2908 971 3005 'minimive
1005 2925 1244 3028 proprietate
1277 2925 1460 3027 quapiam
1492 2927 1541 3005 sit
1571 2926 1772 3029 praedita,
1807 2950 1881 3004 ne·

287 3078 395 3132 cesse
429 3066 485 3129 est
518 3066 559 3129 ut
591 3053 726 3130 eadem
758 3054 972 3154 proprietas
1013 3053 1052 3133 in
1094 3078 1227 3131 ornnes
1262 3054 1355 3130 alias
1389 3078 1527 3132 curvas
1563 3058 1613 3133 ab
1644 3080 1692 3133 ea
1725 3053 1879 3130 infinite

286 3205 424 3283 parum
459 3185 681 3257 aberrantes
715 3205 839 3278 aeque
874 3190 1090 3279 competat,
1139 3179 1178 3255 id
1217 3181 1320 3280 quod
1359 3206 1406 3258 ex
1438 3168 1709 3258 variationibus
1742 3181 1880 3258 debite

183 3357 189 3373 ·
286 3306 325 3382 in
360 3307 546 3383 calculum
578 3291 803 3384 introductis
838 3321 897 3384 est
929 3305 1224 3408 dijudicandum.
1294 3308 1457 3385 Cuinam
1492 3321 1615 3385 autem
1650 3306 1730 3385 usui
1768 3331 1880 3385 sum·

285 3457 349 3512 ma
381 3433 611 3535 generalitas
644 3432 683 3508 in
714 3431 986 3511 variationibus
1020 3431 1082 3510 hic
1115 3434 1280 3512 stabilita
1321 3435 1370 3511 sit
1407 3437 1553 3526 futura,
1601 3434 1690 3511 inde
1725 3432 1873 3511 intelli-

286 3584 381 3662 gere
413 3559 520 3671 licet,
569 3558 601 3638 si
622 3559 727 3635 loco
775 3561 935 3637 duarum
968 3583 1172 3638 curvarum
1206 3563 1285 3638 ΑΒ
1320 3582 1358 3636 et
1392 3559 1479 3637 CD
1513 3560 1627 3639 datae
1661 3560 1736 3637 sint
1769 3561 1877 3639 duae

287 3709 534 3788 quaecunque
569 3685 791 3787 superficies
823 3712 847 3763 a
879 3709 1041 3788 quarum
1073 3686 1137 3764 illa
1172 3688 1220 3765 ad
1253 3690 1352 3764 hanc
1388 3686 1576 3792 ejusmodi
1606 3688 1746 3767 lineam
1780 3711 1879 3767 eur·

286 3836 374 3888 vam
412 3809 499 3891 duci
538 3825 735 3913 oporteat,
783 3839 880 3913 quae
919 3811 1074 3892 maximi
1114 3814 1305 3897 minimive
1347 3814 1526 3914 quapiam
1568 3816 1735 3917 gaudeat
1774 3839 1877 3921 pro·

285 3937 460 4039 prietate.
539 3924 635 4018 Turn
677 3937 776 4016 enim
819 3954 1015 4019 ternarum
1050 3941 1360 4018 coordinatarum
1392 3942 1627 4019 variationes
1659 3943 1713 4019 ita
1748 3967 1877 4044 gene·

285 4068 388 4143 rales
421 4065 653 4145 considerari
686 4082 857 4165 oportet,
906 4080 949 4143 ut
988 4091 1131 4145 curvae
1164 4065 1359 4167 quaesitae
1391 4083 1532 4169 puncto
1566 4069 1616 4145 ad
1649 4066 1795 4145 initium
1832 4071 1876 4144 in

286 4192 525 4293 superficiem
549 4193 626 4269 AB
660 4194 861 4288 translato,
894 4192 1124 4271 variationes
1156 4194 1207 4272 ibi
1240 4195 1290 4270 ad
1323 4197 1485 4271 eandem
1519 4194 1767 4301 superficiem
1799 4219 1873 4273 ac·

287 4319 522 4397 commodari
555 4319 727 4420 possint,
775 4307 904 4421 idiue*
930 4319 1042 4412 simili
1083 4323 1197 4411 modo
1237 4320 1278 4398 in
1311 4321 1385 4397 fine
1418 4322 1468 4397 ad
1499 4320 1741 4422 superficiem
1776 4323 1873 4397 CD

285 4446 369 4521 fieri
400 4460 526 4543 queat.
610 4447 683 4541 Er
702 4471 777 4545 quo
809 4449 1052 4549 perspicuum
1085 4426 1162 4542 est,
1204 4445 1242 4521 in
1276 4471 1418 4549 genere
1450 4459 1530 4528 tres
1563 4446 1796 4525 variationes
1824 4449 1876 4524 <iu

285 4571 487 4687 calculum¹
509 4572 699 4655 introduci
716 4638 722 4645 .
740 4573 904 4671 debere,
954 4589 996 4650 ut
1019 4597 1102 4660 ¹eus
1143 4591 1220 4652 tarn
1263 4599 1336 4674 pro
1373 4573 1479 4654 initio
1522 4600 1636 4674 quam
1676 4596 1752 4672 pro
1789 4562 1874 4652 dne
