4266 5700
1105 312 1334 395 CAPUT
1399 313 1450 389 ll.

496 1550 546 1628 sit
571 1553 654 1655 jam
687 1581 716 1654 y
749 1573 952 1652 constans,
988 1554 1276 1655 reperieturque

691 1696 1874 1861 2:124sf3aeX3qumx-t-yy)-i-F:y,

850 1823 872 1863 x

500 1929 563 2006 ubi
598 1932 749 2031 quidem
784 1931 972 2034 integrale

687 2084 1356 2220 flammae-tyn),

502 2272 553 2346 ob
594 2269 828 2347 functionem
869 2272 1202 2349 indeterminatam
1245 2273 1266 2344 f
1279 2295 1357 2360 tx,
1415 2264 1486 2340 etsi
1525 2286 1554 2361 y
1604 2279 1788 2340 constans
1828 2256 2007 2359 ponitur,
2067 2254 2109 2331 in

504 2422 646 2498 genere
681 2398 842 2497 exprimi
875 2402 1025 2498 nequit,
1057 2402 1110 2477 ita
1144 2422 1185 2477 ut
1218 2397 1407 2497 explicate
1443 2415 1565 2491 pery
1599 2404 1639 2466 et
1672 2389 1887 2465 sanctiones
1921 2382 2050 2485 ipsius
2073 2406 2109 2459 x

503 2523 675 2601 exhiberi
707 2524 844 2624 possit.

1155 2825 1453 2910 SchoHon.

641 3112 744 3183 2sl.
812 3104 991 3192 Formula
1025 3138 1121 3218 ergo
1157 3107 1316 3188 secundi
1351 3105 1494 3208 gradus
1528 3068 1680 3235 (ὃὸ-ἑὲ)
1722 3124 1797 3175 non
1837 3108 1917 3172 tam
1951 3096 2114 3199 largam

513 3291 670 3345 casuum
704 3277 963 3355 resolubilium
999 3278 1165 3377 copiam
1187 3272 1372 3366 admittit,
1420 3295 1534 3368 quam
1569 3273 1681 3350 binae
1716 3270 1885 3366 reliquae
1919 3222 2031 3382 (ἒξ-ἴ)
2071 3274 2114 3339 et

511 3399 648 3565 (ἐξ),
699 3441 858 3523 cumin
891 3441 954 3518 his·
983 3440 1122 3518 solutio
1158 3437 1365 3529 succedat,
1414 3436 1566 3551 etiamsi
1599 3439 1684 3541 ipsa
1725 3436 1921 3537 quantitas
1954 3456 1981 3506 z
2012 3458 2114 3531 quo.

511 3608 588 3679 que
629 3583 667 3657 in
707 3612 837 3665 earum
882 3588 1236 3665 determinationem
1271 3586 1526 3688 ingrediatur,
1575 3586 1679 3684 quod
1712 3582 1773 3657 hic
1795 3604 1923 3658 secus
1966 3579 2116 3674 evenit,

446 3738 452 3747 ,
514 3756 601 3807 cum
630 3736 830 3810 methodus
863 3756 942 3808 non
967 3748 1101 3832 pateat
1127 3735 1339 3836 hujusmodi
1373 3733 1639 3829 aequationem
1675 3692 2117 3861 (ggafkag-Ji-t-Q,

515 3880 669 3975 quando
712 3879 860 3954 litterae
895 3884 924 3957 P
957 3897 996 3955 et
1031 3882 1070 3975 Q
1110 3880 1360 3991 quantitatem
1394 3906 1420 3954 z
1460 3880 1657 3957 continent
1690 3875 1935 3970 resolvendi3
1984 3899 2117 3973 neque

376 4048 381 4056 “
516 4025 631 4101 etiam
666 4028 803 4104 solutio
839 4028 964 4102 locum
999 4018 1134 4118 haben
1201 4032 1354 4126 quando
1388 4044 1546 4130 praeter
1580 4029 1783 4104 formulam
1816 4026 1929 4126 primi
1965 4026 2116 4126 gradus

539 4138 586 4200 da

490 4158 606 4293 'ia-x)
640 4175 750 4261 Simul
783 4196 932 4275 quoque
954 4174 1089 4251 altera
1124 4139 1210 4307 (ἓξ)
1246 4179 1369 4254 adest.
1450 4173 1610 4253 Interim
1643 4192 1775 4249 tamen
1809 4174 1949 4247 dantur
1982 4194 2117 4267 casus,

519 4322 654 4419 quibua
697 4321 904 4398 solutiones
945 4323 1200 4421 particulares
1239 4323 1409 4398 exhiberi
1442 4334 1625 4425 possunt,
1672 4346 1818 4420 eaeque
1853 4320 1950 4395 adeo
1986 4317 2118 4407 inlini·

517 4478 600 4561 tae,
651 4490 748 4565 quae
785 4467 950 4569 junctim
990 4484 1141 4548 sumtae
1186 4470 1364 4563 solutioni
1405 4470 1577 4577 generali
1626 4469 1869 4567 aequivalere
1917 4469 2118 4565 videntur,
