4260 5686
605 402 987 499 AEQUATIONUM
1022 404 1517 484 DIFFERENTIALIUM.
1696 414 1784 497 l99

492 581 1381 707 Mztss÷aae>1sta÷2tla÷ram

701 721 1553 836 ÷tt3÷pu)ts<a÷2t3e÷qxx).
1681 721 1690 743 ’

431 963 468 1033 9.
538 951 652 1028 Simili
685 953 800 1030 modo
835 976 908 1054 pro
944 952 1173 1052 aequatione
1207 954 1329 1056 magis
1362 955 1564 1055 complexa

373 1100 378 1111 ‘
621 1104 642 1141 2

327 1087 913 1254 mmmmm
927 1123 987 1218 ÷
1000 1087 1566 1257 masal-imm
1588 1149 1647 1202 Ξ
1666 1136 1712 1218 ⁰²

267 1317 314 1368 ex
355 1293 438 1391 ejus
479 1290 658 1390 integrali
698 1291 892 1389 completo
935 1315 1053 1391 supra
1093 1292 1260 1370 exhibito
1303 1292 1580 1394 multiplicator
1620 1294 1777 1370 idoneus
1811 1298 1856 1370 M

270 1417 492 1518 investigari
528 1416 698 1516 poterit,
740 1441 787 1493 ex
819 1443 893 1518 quo
928 1418 959 1493 si
995 1417 1122 1495 statim
1156 1419 1289 1496 fuisset
1322 1420 1516 1521 cognitus,
1558 1420 1659 1495 idem
1694 1425 1768 1496 hoc
1801 1422 1859 1497 in·

268 1545 415 1646 tegrale
463 1543 680 1619 immediate
726 1543 810 1621 elici
857 1544 1057 1645 potuisset.
1125 1545 1266 1621 Verum
1315 1545 1376 1621 hic
1426 1570 1524 1646 opus
1571 1547 1690 1623 multo
1733 1550 1857 1650 majus

267 1674 431 1761 molior,
479 1671 580 1768 quod
620 1686 748 1746 autem
789 1671 914 1771 primo
956 1687 1117 1747 conatu.
1138 1673 1358 1771 neutiquam
1399 1674 1448 1749 ad
1489 1673 1603 1748 finem
1645 1664 1859 1773 perducere

269 1799 421 1892 licebit3
471 1822 516 1873 er
550 1821 629 1894 quo
670 1797 763 1875 satis
796 1800 885 1873 mihi
928 1799 1103 1896 equidem
1135 1799 1373 1899 praestitisse
1416 1798 1604 1888 videbor,
1652 1800 1683 1875 si
1719 1804 1855 1877 saltem

271 1927 395 2023 primo
434 1925 540 2025 quasi
582 1924 811 2000 lincamenta
851 1950 973 2002 norae
1014 1939 1128 2023 atque
1169 1927 1331 2002 maxime
1371 1925 1648 2003 desiderandae
1690 1930 1859 2004 methodi

271 2054 583 2140 adumbrarem,
631 2052 738 2154 cujus
772 2075 877 2152 ope,
927 2053 1129 2153 proposita
1167 2053 1381 2153 hujusmodi
1416 2052 1643 2150 aequatione
1679 2054 1859 2130 differen-

271 2179 371 2272 tiali,
419 2178 690 2278 multiplicator
722 2179 880 2257 idoneus
914 2204 1000 2254 eam
1034 2181 1201 2255 reddens
1234 2179 1497 2281 integrabilem
1533 2178 1692 2255 inveniri
1728 2196 1858 2279 queat.

270 2312 325 2382 Ac
358 2304 483 2406 primo
524 2307 676 2404 quidem
718 2305 757 2381 in
796 2309 870 2383 hoc
905 2309 1060 2406 negotio
1100 2309 1301 2402 plurimum
1341 2308 1571 2384 observasse
1605 2307 1781 2406 jurabit,
1829 2307 1860 2384 si

269 2433 402 2510 unicus
436 2434 650 2535 hujusmodi
687 2433 956 2531 multiplicator
988 2434 1210 2524 innotuerit,
1246 2458 1293 2509 ex
1327 2458 1374 2510 eo
1409 2433 1522 2510 facile
1554 2432 1720 2510 infinitos
1759 2436 1857 2511 alios

272 2562 371 2636 idem
408 2561 567 2636 officium
601 2575 844 2659 praestantes
878 2561 957 2638 erui
997 2573 1126 2660 posse.
1194 2561 1339 2654 Quodsi
1374 2559 1474 2637 enim
1508 2559 1779 2659 multiplicator
1816 2563 1858 2635 M

264 2687 539 2786 aequationein
574 2687 866 2764 differentialem
913 2691 915 2695 ‘

361 2864 375 2885 ⁰
497 2829 964 2936 Pax-t-Qoyzo

278 2990 543 3092 integrabilem
576 2993 737 3082 reddat,
772 2994 823 3068 ita
856 3011 897 3068 ut
930 2995 978 3070 sit

473 3138 576 3238 U‘M
612 3133 718 3230 (de
752 3141 812 3234 -l-
847 3135 959 3239 Qda)
992 3166 1053 3221 =
1087 3142 1146 3232 V,

279 3295 441 3392 ideoque
476 3270 653 3393 ae'quatio
687 3295 884 3396 integralis
920 3297 1105 3391 V·..··C‚
1138 3295 1315 3396 quoniam
1349 3296 1511 3372 formula

505 3434 564 3522 dv
597 3465 660 3522 ,τ-
693 3447 737 3521 Μ
773 3437 879 3535 (de
918 3460 974 3529 -l-
1009 3439 1121 3545 Ωδμ)

278 3628 349 3702 per
383 3599 618 3676 functionem
659 3618 924 3694 quamcunque
967 3595 1187 3691 quantitatis
1220 3597 1253 3668 V
1292 3593 1543 3693 multiplicata
1585 3589 1745 3693 perinde
1776 3614 1860 3667 mu·

278 3747 343 3804 net
376 3725 640 3828 integrabilis,
689 3722 936 3823 perspicuum
971 3736 1030 3799 est
1065 3726 1164 3798 hanc
1207 3725 1371 3798 formam
1405 3722 1566 3813 Mf:V‚
1614 3742 1862 3816 quaecunque

278 3853 423 3934 functio
464 3852 581 3952 ipsius
613 3852 646 3923 V
686 3875 758 3950 pro
800 3847 886 3926 lel
929 3850 1165 3949 accipiatur,
1216 3871 1371 3948 semper
1412 3845 1747 3944 multiplicatorem
1780 3844 1862 3920 ido·

277 4008 389 4059 neum
424 3981 639 4082 praebere,
689 4002 776 4052 cum
810 3977 857 4054 sit

504 4120 613 4221 (de
644 4125 708 4221 -l-
742 4126 856 4226 Ωδμ)
890 4117 1025 4207 Mftv
1062 4144 1123 4200 Ξ
1156 4098 1351 4217 dezv,

283 4282 445 4378 ideoque
488 4276 725 4380 integrabile.
796 4276 902 4351 inter
943 4275 1108 4350 infinitos
1158 4274 1271 4375 igitur
1313 4277 1381 4350 hos
1430 4269 1745 4370 multiplicatores
1779 4267 1861 4345 ido·

283 4430 377 4485 neos
412 4405 544 4506 quovis
579 4429 672 4484 casu
707 4428 793 4479 eum
827 4401 912 4503 eligi
948 4401 1180 4493 conveniet,
1230 4402 1293 4501 qui
1327 4399 1522 4504 negotium
1559 4394 1736 4491 facillime
1768 4419 1862 4470 con·

280 4536 412 4629 ficiat,
462 4550 500 4609 et
532 4533 718 4637 integrale
760 4532 791 4607 si
826 4528 938 4605 fuerit
971 4530 1229 4628 algebraicum
1274 4533 1399 4607 forma
1438 4523 1719 4626 simplicissima
1756 4523 1860 4597 erhi-

1452 4654 1544 4730 63·
