4260 5686
900 341 1120 421 CAPUT
1185 336 1249 419 IV.

847 510 1190 624 Scholion
1257 554 1296 623 2.

442 732 543 807 115.
613 723 727 819 Quod
773 722 814 802 in
858 728 1115 826 praecedente
1163 725 1289 828 capite
1347 727 1463 804 tacite
1517 725 1762 806 assumimus
1809 731 1858 808 de

274 852 487 958 quantitate
533 861 733 930 constante
786 851 987 931 variationi
1036 854 1214 931 inventae
1267 854 1508 958 adjicienda,
1554 854 1712 956 quippe*
1742 879 1858 958 quam
1983 851 1984 854 '

272 1006 369 1085 pars
402 979 599 1083 integralis
631 978 853 1057 variationis
886 992 1021 1083 sponte
1053 980 1237 1070 involvit,
1289 986 1361 1057 hoc
1395 983 1433 1058 in
1467 981 1573 1058 istius
1605 981 1855 1090 problematis
1936 1040 1940 1049 ,

274 1106 466 1188 solutione
506 1104 722 1185 accuratius
766 1130 960 1205 exponere
1010 1124 1070 1185 est
1115 1108 1250 1207 visum.
1293 1109 1416 1184 ·Cum
1458 1107 1603 1185 scilicet
1649 1109 1688 1184 in
1727 1112 1855 1214 hujus·
1934 1171 1937 1179 ,

272 1234 379 1313 modi
412 1232 725 1333 quaestionibus,
774 1257 872 1333 quae
914 1238 964 1312 ad
997 1235 1178 1312 formulas
1212 1237 1419 1337 integrales
1452 1236 1716 1328 reducuntur,
1764 1261 1854 1336 per-

274 1371 393 1464 petuo
429 1361 481 1435 ad
514 1360 700 1437 terminos
732 1360 993 1463 integrationis
1027 1363 1076 1440 sit
1107 1362 1416 1463 respiciendum,
1450 1360 1633 1460 siquidem
1666 1362 1852 1465 integrale

272 1487 365 1563 nihil
406 1485 508 1562 aliud
550 1506 611 1564 est
647 1486 720 1563 nisi
760 1511 907 1565 summa
948 1491 1227 1582 elementorum
1269 1513 1292 1564 a
1325 1488 1487 1565 termino
1522 1489 1614 1564 dato
1648 1512 1715 1565 seu
1747 1489 1852 1565 initio

275 1615 326 1690 ad
374 1612 487 1689 alium
537 1614 738 1689 terminum
788 1638 856 1692 seu
902 1618 1016 1693 finem
1066 1615 1393 1706 continuatorum,
1449 1617 1546 1694 baec
1599 1614 1853 1694 consideratio

234 1747 236 1750 ‘
271 1763 436 1843 prorsus
468 1739 679 1816 essentialis
720 1753 781 1819 est
821 1741 925 1817 omni
958 1742 1225 1844 integrationi,
1275 1743 1356 1818 sine
1397 1767 1472 1840 qna
1503 1742 1592 1817 idea
1624 1741 1765 1819 valoris
1790 1742 1855 1818 ⁴in·

274 1866 432 1969 tegralis
471 1890 520 1942 ne
553 1865 763 1946 consistere
803 1869 970 1967 quidem
998 1881 1139 1970 potest.
1207 1867 1466 1961 Quamobrem
1509 1865 1724 1946 constitutis
1756 1868 1853 1946 inte·

273 1992 459 2095 grationis
500 1994 670 2071 terminis
711 1993 816 2071 initio
858 1994 1002 2072 scilicet
1041 2007 1080 2070 et
1119 1997 1219 2086 fine,
1268 1994 1395 2070 statim
1427 2018 1474 2070 ao
1506 1993 1726 2071 variationis
1758 2019 1852 2093 pars

272 2119 469 2222 integralis
502 2121 556 2198 ita
590 2134 649 2198 ast
680 2131 843 2220 accepta
875 2132 917 2196 ut
948 2146 1022 2222 pro
1054 2120 1160 2197 initio
1193 2121 1333 2196 evadat
1371 2118 1503 2217 nulla,
1552 2133 1631 2197 tum
1664 2121 1853 2223 ejusmodi

273 2259 515 2325 constantem
549 2245 662 2350 adjici
694 2258 871 2346 oportet,
904 2260 946 2323 ut
978 2247 1093 2325 etiarn
1125 2260 1263 2351 partes,
1291 2249 1487 2325 absolutae
1521 2274 1592 2349 pro
1626 2247 1763 2324 eodem
1793 2246 1852 2322 in·

271 2371 337 2450 itio
377 2374 651 2470 destruantur,
700 2373 831 2473 sieque
869 2373 1049 2453 universa
1095 2374 1317 2452 variationis
1357 2375 1553 2474 expressio
1604 2374 1655 2449 ad
1695 2373 1852 2451 nihilum

272 2500 483 2604 redigatur.
552 2502 668 2598 Quod
709 2526 799 2578 cum
846 2503 960 2579 suerit
1007 2504 1175 2597 facturn,
1205 2504 1276 2577 -ad
1326 2504 1440 2578 finem
1481 2499 1743 2605 integrationis
1782 2501 1850 2577 de-

270 2651 375 2703 mum
408 2629 591 2731 progredi
623 2629 737 2723 lieet,
779 2641 821 2706 ut
852 2633 924 2707 boc
958 2642 1076 2732 pacto
1109 2653 1204 2706 vera
1236 2629 1399 2707 variatio
1433 2615 1620 2706 formulae
1653 2626 1849 2729 integralis

271 2753 424 2854 positae
466 2760 515 2834 ab
547 2755 653 2833 initio
697 2758 747 2832 ad
784 2759 900 2835 tinem
942 2772 1123 2836 extensae
1170 2757 1398 2834 obtineatur.
1466 2759 1576 2834 Haec
1616 2767 1742 2832 autem
1782 2778 1851 2829 va·

271 2878 476 2958 riationum
525 2882 701 2959 doctrina
757 2884 807 2960 ad
853 2885 1015 2983 duplicIs
1064 2884 1216 2984 generis
1268 2885 1511 2980 quaestiones
1563 2880 1851 2959 accommodari

270 3018 429 3106 potest3
476 3010 568 3086 dum
609 3007 648 3101 in
691 3007 812 3085 altero
851 3008 989 3086 relatio
1031 3009 1132 3097 inter
1168 3007 1372 3085 variabiles
1407 3034 1440 3085 x
1474 3020 1573 3106 ety
1618 3007 1710 3082 data
1743 3029 1849 3082 assu·
1916 3103 1921 3112 Ι

269 3133 413 3226 mitur,
462 3147 502 3210 et
534 3133 719 3209 formulae
750 3134 947 3235 integralis
979 3123 1109 3212 itidem
1141 3136 1255 3211 datae
1280 3119 1413 3249 [de
1445 3133 1606 3210 variatio
1640 3130 1847 3232 investiga·

271 3272 360 3353 tur,
406 3271 611 3363 postquam
647 3286 721 3359 per
759 3274 880 3337 totam
926 3260 1188 3363 integrationis
1229 3262 1489 3338 extensionem
1530 3258 1775 3336 variabilibus
1814 3284 1847 3334 x

269 3399 369 3484 ety
406 3387 638 3464 variationes
679 3412 927 3488 quaeeunque
967 3391 1106 3466 suerint
1146 3388 1337 3484 tributae,
1384 3388 1424 3464 in
1466 3389 1586 3465 altero
1620 3396 1746 3460 autern
1780 3409 1849 3487 ge·

269 3535 362 3588 nere
396 3515 481 3616 ipsa
513 3515 576 3591 illa
609 3515 847 3593 variabilium
879 3542 912 3592 x
943 3530 983 3593 et
1014 3542 1043 3616 y
1074 3517 1209 3594 relatio
1245 3516 1463 3614 quaeritur,
1498 3527 1541 3592 ut
1573 3513 1756 3590 formulae
1788 3511 1848 3588 in·

270 3641 425 3741 tegralis
460 3626 585 3757 sde
624 3641 786 3719 variatio
827 3659 935 3721 certa
975 3646 1211 3746 proprietate
1260 3643 1310 3720 sit
1346 3641 1552 3744 praedita3
1599 3641 1849 3742 quemadmo-

269 3768 362 3844 dum
401 3767 433 3845 si
465 3793 513 3844 ea
544 3769 706 3845 formula
746 3771 950 3848 maximum
991 3772 1233 3849 minimumve
1265 3771 1439 3848 valorem
1478 3769 1653 3870 recipere
1688 3768 1847 3858 debeat,

268 3895 369 3972 banc
402 3893 653 3975 variationem
701 3894 740 3974 in
780 3899 937 3977 nihilum
986 3899 1092 3976 abire
1138 3921 1297 3975 necesse
1338 3909 1412 3973 est.
1479 3897 1551 3973 Ubi
1591 3896 1729 3972 iterum
1768 3894 1847 3970 duo

269 4044 380 4100 casus
413 4046 454 4099 se
489 4025 680 4116 offerunt,
716 4040 834 4122 prout
865 4025 1070 4102 maximum
1102 4025 1345 4125 minimumve
1378 4023 1504 4101 locum
1534 4024 1679 4099 habere
1712 4019 1846 4114 debet,

266 4147 330 4222 vel
362 4173 613 4248 quaecunque
645 4149 877 4231 variationes
917 4151 1011 4252 ipsis
1038 4124 1075 4228 ‘aa
1109 4167 1207 4249 ety
1247 4147 1490 4248 tribuantur,
1537 4149 1600 4227 vel
1633 4147 1666 4226 si
1699 4158 1846 4224 tantum

267 4274 341 4349 bae
381 4275 615 4352 variationes
658 4290 788 4353 certae
830 4279 981 4355 cuidam
1029 4278 1104 4379 legi
1142 4277 1440 4378 adstringantur.
1505 4272 1565 4353 Ex
1605 4299 1681 4375 quo
1722 4270 1845 4351 mani·

268 4399 406 4476 festum
445 4414 531 4493 est,
554 4405 680 4478 *banc
713 4402 921 4513 Tbeoriam
951 4408 1070 4487 multo
1104 4405 1216 4484 latius
1247 4421 1416 4511 patere,
1465 4429 1580 4507 quam
1614 4402 1767 4504 quidem
1798 4423 1846 4477 ea

268 4527 393 4607 adhuc
427 4526 482 4605 in.
498 4551 608 4606 usum
640 4541 700 4608 eat
727 4543 877 4610 vocata.
