4260 5686
299 372 323 444 ε
421 344 425 353 ’
538 344 547 361 ·
868 288 1188 443 car‘ur'r.
1294 334 1311 473 2

362 558 1480 682 LP÷MQ÷1takay÷2z-a-ap-aza
1497 556 1803 682 Μέορ

234 739 336 835 unde
369 739 444 820 ista
477 739 653 841 aequatio
687 740 947 820 differentialis
981 738 1055 820 erit
1083 739 1212 820 reeta.
1251 832 1253 837 ¹

810 962 1233 1115 tt'r'obtemaa.
1364 1006 1369 1013 '
1514 982 1519 991 ¹

378 1201 417 1280 7.
483 1196 683 1299 Proposita
722 1187 951 1298 aequatione
995 1196 1237 1275 differentiali
1284 1194 1384 1272 inter
1424 1208 1557 1297 ternas
1606 1196 1811 1289 variabiles

235 1348 288 1420 rc,
320 1345 367 1423 p,
401 1350 448 1421 z,
481 1347 580 1423 quae
614 1323 663 1402 sit
693 1326 838 1418 realia,
886 1327 967 1427 ejus
1006 1322 1192 1427 integrale
1223 1322 1483 1424 investigare,
1529 1321 1630 1400 unde
1662 1340 1817 1427 pateat,

234 1449 355 1552 qualit
388 1449 532 1529 functio
565 1474 643 1533 uua
674 1476 808 1561 earum
839 1450 889 1530 sit
921 1452 1096 1530 binarum
1128 1450 1373 1549 reliquarum.

904 1704 1151 1786 Salutio.

307 2004 310 2015 ,
363 1904 419 1987 stt
450 1876 628 2008 aequatio
661 1874 923 1993 differentialis
954 1906 1156 2012 proposita

491 2065 714 2164 Pha-l-
747 2057 1213 2167 Qun-tuh:
1250 2071 1304 2158 0,

235 2236 273 2316 in
307 2257 384 2338 qut
416 2233 469 2343 P,
503 2235 558 2334 Q,
590 2235 644 2333 R,
686 2229 873 2336 ejusmodi
906 2229 983 2309 sint
1014 2231 1226 2311 functiones
1258 2229 1429 2335 ipsarum
1461 2250 1576 2330 Μ]
1607 2240 1724 2325 etz,
1773 2241 1815 2309 at

233 2365 439 2443 character
470 2358 656 2438 realitatia
689 2369 778 2434 ante
810 2354 986 2435 inventus
1019 2355 1242 2434 satisfaciat.
1307 2354 1389 2435 Nisi
1424 2356 1528 2436 eninr
1565 2355 1640 2434 ista
1671 2378 1814 2454 aequa·

234 2487 285 2565 tio
317 2498 420 2567 estet
453 2484 589 2579 realis,
621 2481 820 2560 ridiculum
851 2480 974 2576 foret,
1006 2502 1090 2581 ejus
1122 2480 1417 2582 integrationem
1450 2477 1614 2561 tentare.
1667 2481 1815 2559 banna·

232 2634 317 2690 anus
350 2635 444 2713 ergo
475 2613 576 2687 hanc
610 2605 877 2716 aequatiqnem
909 2626 995 2683 ease
1025 2604 1183 2701 realem,
1215 2619 1333 2704 atque
1362 2605 1515 2685 dabitur
1545 2606 1683 2682 relatio
1715 2607 1815 2685 inter

233 2739 340 2840 iptas
372 2739 604 2837 quantitates
635 2761 690 2830 a,
720 2754 751 2834 y
781 2745 899 2827 etz,
945 2712 1422 2834 aequationi'propositae
1455 2729 1725 2828 satisfaciens,
1766 2734 1817 2809 ad
1886 2814 1892 2823 ,

232 2887 348 2964 quam
382 2860 648 2940 inveniendam
687 2859 978 2963 perpendatur,
1026 2857 1058 2935 si
1092 2855 1130 2932 in
1164 2857 1388 2957 aequatione
1427 2857 1604 2958 integrali
1636 2882 1713 2932 una
1736 2864 1816 2934 'va-

234 2989 436 3082 riabilium,
468 3003 563 3091 puta
595 3014 633 3084 z,
653 3001 847 3066 constans
880 2996 1095 3085 spectetur,
1128 3006 1175 3063 ex
1207 2986 1290 3088 ejus
1323 2975 1565 3062 differentiali
1596 2982 1714 3060 nihilo
1748 3007 1817 3059 ae·

233 3115 336 3223 quali
368 3115 497 3222 posito
532 3115 637 3196 nasci
670 3116 814 3192 debere
846 3112 1115 3211 aequationem

415 3370 426 3393 ι
620 3257 739 3348 aaa
771 3261 836 3356 -l-
869 3256 996 3365 thy
1026 3279 1088 3336 .··.:
1125 3268 1164 3336 0.

229 3409 414 3490 Viriasius
445 3432 539 3512 ergo
574 3433 648 3486 una
685 3405 857 3485 variabili
879 3379 996 3508 ,puta
1016 3426 1044 3479 a
1077 3416 1118 3477 ut
1150 3415 1351 3483 constante
1384 3419 1568 3498 tractata,
1610 3388 1816 3506 integratio

235 3535 473 3638 aequationis
506 3530 768 3613 differentialis

624 3671 1273 3801 ΡὸωψΩὸῃ--οᾘ

235 3871 336 3948 quae
369 3847 464 3943 duaa
497 3858 643 3929 tantum
675 3845 878 3939 variabiles
911 3847 1108 3944 continet,
1156 3851 1344 3948 perducet
1377 3849 1427 3925 ad
1460 3849 1726 3947 aequationem
1755 3851 1817 3928 in-

233 3973 420 4077 tegralem
461 3973 699 4073 quaesitam,
745 3972 925 4053 simodo
973 3974 1012 4052 in
1053 3974 1305 4083 quantitatem
1356 3990 1598 4067 constantem
1644 4001 1716 4076 per
1758 3978 1816 4053 in·

82 4136 88 4151 ·
235 4097 490 4202 tegrationem
539 4098 752 4203 ingressam
805 4100 869 4178 illa
896 4096 1106 4199 ‘quantitas
1147 4125 1175 4176 z
1221 4092 1292 4180 rite
1343 4102 1571 4179 involvatur.
1635 4096 1694 4205 Eu
1741 4130 1816 4202 quo

234 4227 336 4302 hanc
376 4225 557 4326 regulam
601 4251 674 4328 pro
723 4225 977 4329 integratione
1026 4227 1264 4324 aequationis
1313 4225 1542 4332 propositae
1590 4226 1813 4339 colligimus.

234 4348 511 4427 consideretur
542 4376 618 4429 una
652 4353 887 4431 variabilium
921 4367 1013 4454 puta
1047 4379 1074 4428 z
1103 4365 1146 4427 ut
1178 4368 1387 4448 constans,
1424 4371 1466 4431 ut
1496 4356 1681 4443 habeatur
1718 4357 1815 4432 haec

238 4474 414 4576 aequatio
449 4473 535 4561 Prlx
558 4472 861 4578 -l—thzo
881 4535 896 4573 ,
943 4479 1038 4555 duas
1072 4488 1217 4559 tantum
1259 4479 1464 4560 variabiles
1496 4505 1528 4558 a
1561 4493 1600 4557 et
1631 4499 1662 4577 y
1692 4479 1813 4588 impli-
