4260 5686
375 480 462 557 392
954 453 1169 537 CAPUT
1236 455 1267 535 1.

308 675 520 776 tuslyseos
551 667 789 747 Incrementa
820 660 963 764 requiri
996 659 1186 741 ridentur.
1252 659 1395 742 Veram
1410 663 1478 743 ob
1514 661 1615 739 banc
1647 661 1774 762 ipsam
1807 686 1892 745 esu·

311 827 395 884 sam
427 824 475 879 co
511 795 634 898 magis
667 794 740 872 erit
771 790 990 870 enitendum
1020 802 1063 867 ut
1092 783 1284 888 principia
1316 788 1426 890 liujus
1460 787 1653 879 methodi,
1688 813 1794 889 quaa
1822 791 1898 869 ω.

311 930 396 1009 culo
428 923 684 1005 variationum
722 919 983 1017 continentur,
1032 915 1150 995 solide
1185 913 1451 1006 stabiliantur,
1499 913 1685 1015 simulque
1717 914 1834 997 clare
1856 941 1901 996 ac

313 1055 490 1153 distincte
521 1060 800 1152 proponantur.

903 1243 1189 1323 Scholion
1259 1192 1326 1320 2.ι

477 1408 551 1479 25.
616 1397 687 1474 Vix
723 1421 819 1498 opus
851 1418 937 1473 esse
969 1392 1138 1471 arbitror
1170 1392 1233 1471 hic
1267 1394 1596 1488 animadvertere,
1627 1393 1743 1473 istum
1777 1398 1912 1475 calcu·

321 1536 397 1607 lum
430 1524 540 1608 simili
572 1524 688 1603 modo
724 1515 781 1599 ad
805 1523 935 1624 plures
968 1520 1088 1600 tribus
1114 1518 1317 1599 variabiles
1345 1518 1570 1621 amplificari
1595 1544 1726 1621 posse,
1759 1521 1913 1602 etiamsi

320 1654 560 1757 quaestiones
594 1648 852 1754 geometricae
885 1672 961 1724 nou
996 1645 1157 1748 amplius
1190 1646 1499 1725 dilucidationem
1526 1647 1795 1749 suppeditent;
1828 1648 1918 1750 ipsa

320 1785 421 1862 enim
453 1779 629 1881 Analysis
670 1801 747 1855 non
785 1777 839 1853 uti
882 1774 1104 1853 Geometria
1144 1786 1252 1852 certo
1295 1773 1576 1851 dimensionum
1618 1797 1781 1853 numero
1815 1774 1922 1853 limi·

321 1910 394 1988 tari
426 1921 486 1987 est
518 1906 723 1985 censenda.
806 1901 971 1997 Quando
1012 1914 1141 1979 autem
1183 1903 1314 2003 plures
1356 1900 1560 1978 variabiles
1602 1901 1919 1999 considerantur,

323 2049 411 2115 ante
455 2033 584 2112 omnia
626 2030 814 2133 perpendi
855 2028 1056 2122 convenit,
1106 2041 1232 2106 utrum
1273 2053 1406 2106 earum
1446 2027 1584 2107 relatio
1622 2042 1756 2106 mutua
1800 2030 1923 2109 unica

323 2176 472 2243 tautum
503 2159 733 2260 aequatione
767 2155 1021 2258 exprimatur,
1065 2176 1113 2232 au
1146 2155 1348 2256 pluribus?
1398 2178 1498 2253 quae
1530 2167 1591 2233 tot
1622 2179 1708 2234 esse
1741 2169 1922 2258 possunt,

324 2304 366 2367 ut
399 2287 597 2367 multitudo
632 2286 774 2363 unitate
809 2296 955 2360 tantum
989 2308 1013 2358 a
1045 2307 1207 2359 numero
1241 2281 1481 2360 variabilium
1514 2282 1679 2375 deficiat,
1711 2308 1792 2382 quo
1829 2309 1926 2363 casu

329 2440 463 2497 omnes
497 2428 680 2513 tanquam
713 2410 924 2487 functiones
957 2409 1066 2487 unius
1100 2423 1278 2512 spectare
1311 2409 1411 2487 licet.
1497 2409 1578 2486 Sin·
1599 2421 1727 2487 autem
1759 2382 1926 2511 paucio-

332 2545 438 2621 ribus
474 2537 763 2639 aequationibus
796 2549 947 2613 constet
978 2536 1135 2630 aelafio,
1169 2536 1339 2640 singulae
1372 2530 1577 2614 variabiles
1610 2549 1723 2615 erunt
1755 2539 1928 2617 iunctio·

328 2693 398 2746 nes
432 2669 596 2745 duarum
628 2664 841 2766 pluriumve
874 2661 1132 2756 variabilem,
1185 2676 1224 2741 et
1265 2662 1435 2763 quolibet
1472 2687 1625 2762 quoqne
1664 2687 1761 2742 casu
1793 2666 1930 2743 varia·

330 2797 453 2874 tiones
487 2791 645 2896 singulis
679 2789 840 2867 tributae
874 2772 1057 2888 tanquam
1105 2790 1320 2868 functiones
1353 2790 1514 2867 totidem
1546 2789 1786 2869 variabilium
1822 2806 1930 2871 trae·

333 2921 409 3005 tari
443 2922 603 3011 debent,
637 2915 823 3018 siquidem
856 2919 955 2994 bunc
998 2915 1185 2993 calculum
1201 2917 1502 3020 ‘generalissime
1534 2918 1716 3019 expedire
1747 2919 1930 3000 velimus.

921 3113 1226 3193 Defluitio
1299 3123 1337 3195 5.

498 3271 570 3343 26.
640 3264 826 3340 Calculus
866 3267 1146 3379 variationum
1185 3271 1242 3340 est
1284 3262 1494 3341 methodus
1527 3264 1754 3342 inveniendi
1785 3271 1936 3344 vario·

336 3403 504 3486 ticum,
554 3416 680 3491 quam
710 3394 847 3491 recipit
880 3396 1082 3490 expressio
1117 3418 1169 3468 en
1203 3398 1455 3496 quotcunque
1489 3392 1749 3469 variabilibus
1784 3402 1938 3472 uicum

336 3549 411 3626 que
442 3523 636 3618 conflata,
671 3516 769 3593 dum
801 3517 1062 3595 variabilibus
1098 3521 1159 3598 vel
1189 3518 1372 3597 omnibus
1403 3516 1467 3596 vel
1496 3519 1696 3624 aliquibus
1727 3526 1939 3602 variatio·

337 3674 405 3726 nes
436 3646 681 3723 tribuantur.

946 3823 1357 3921 Explicatio„

506 3977 579 4052 27.
645 3969 691 4047 In
731 3973 806 4047 hac
851 3970 1072 4048 delinitione
1116 3972 1220 4048 nulla
1267 3975 1309 4049 fit
1354 3973 1494 4049 mentio
1541 3975 1765 4064 relationis,
1816 3998 1940 4073 qnam

342 4105 531 4178 hactenus
570 4096 671 4174 inter
710 4097 914 4176 variabiles
952 4099 1036 4174 dari
1079 4097 1351 4194 assumsimus,
1402 4124 1489 4179 cum
1525 4100 1627 4178 enim
1664 4100 1727 4177 hic
1760 4101 1940 4181 calculus

346 4227 588 4328 potissimum
627 4224 668 4301 in
709 4226 783 4300 hac
822 4225 909 4325 ipsa
941 4227 1138 4304 relatione·
1160 4226 1427 4329 investiganda
1466 4228 1514 4305 sit
1546 4238 1785 4328 occupatus,
1832 4250 1940 4333 quac

348 4355 494 4431 scilicet
533 4350 686 4428 maximi
725 4351 918 4430 minimive
950 4353 1186 4454 proprietate
1227 4354 1275 4431 sit
1307 4355 1507 4456 praedita,
1557 4356 1738 4454 quamdiu
1778 4382 1828 4432 ea
1871 4361 1941 4436 ad·

343 4484 417 4556 huc
449 4492 509 4556 est
542 4460 760 4581 iniognita,
802 4481 886 4582 ejus
918 4481 1108 4558 rationem
1140 4482 1179 4558 in
1212 4480 1358 4560 calculo
1390 4481 1614 4582 neutiquam
1648 4484 1795 4560 habere
1830 4484 1944 4582 licet,

311 4607 417 4686 sed
457 4604 582 4707 potius
623 4630 710 4685 eum
750 4606 805 4685 ita
848 4607 1008 4689 tractari
1043 4610 1246 4702 convenit,
1297 4611 1406 4710 qnasi
1442 4610 1645 4688 variabiles
1682 4611 1785 4689 nulla
1821 4616 1943 4714 plane
