4260 5686
341 437 430 515 428
892 433 1114 513 C'APUT
1143 433 1256 512 ·111:=

278 657 380 713 cum·
401 633 666 714 exndoctrtna
708 632 1052 717 mansionum-sit
1085 630 1260 730 petita-,z
1287 641 1560 730 quaeasstamarr
1584 637 1662 713 ab,
1688 636 1855 710 hoctar·

279 772 459 858 gumento
501 783 661 861 prorsus
701 773 760 835 est
798 759 949 849 aliana3
986 759 1061 868 six
1090 759 1551 859 uero;='slia·=ria,patet
1581 761 1756 862 fed-ejus
1785 761 1858 837 de·

278 885 595 960 monstrationem
629 884 880 986 pertingendi.
939 884 1034 957 Tum
1069 908 1163 958 vero
1197 885 1258 961 hic
1293 887 1512 960 accuratior
1545 886 1714 987 cognitio
1752 888 1853 961 sune·

279 1013 423 1086 tionum
457 1012 656 1110 diligenter
689 1031 748 1086 est
782 1009 1160 1100 animaduertenda,
1167 1033 1245 1107 qua
1278 1012 1527 1106 ostendimus,
1561 1013 1813 1090 formulam'
1804 1037 1856 1088 m·

279 1138 463 1245 tegralem
488 1131 638 1243 [de
658 1135 894 1275 neutiquam
911 1149 963 1229 ut
987 1136 1218 1255 sanctionem
1252 1138 1506 1251 quantitatum
1535 1166 1581 1232 x,
1614 1164 1722 1240 y,p,
1757 1164 1857 1241 q,r,

281 1275 356 1338 ete.
405 1263 573 1362 spectari
614 1252 751 1360 posse,
800 1262 872 1383 nisi
918 1260 1057 1338 rever'a
1104 1262 1399 1379 integrationem
1448 1265 1641 1380 admittat.
1708 1263 1858 1342 Natura

172 1447 177 1459 .
278 1389 379 1464 enim
424 1390 656 1464 functionum
698 1376 851 1488 semper
893 1355 992 1464 lianc
1033 1372 1309 1488 proprietatem
1355 1360 1473 1473 habet
1517 1392 1579 1492 ad
1583 1405 1772 1485 unctam
1818 1409 1858 1466 ut

283 1517 408 1594 statim
446 1528 558 1611 atque
593 1516 892 1641 quantitatibus,
928 1539 1026 1641 quae
1059 1524 1143 1591 eam
1179 1490 1469 1627 ingrediuntur,
1494 1520 1647 1621 valores
1681 1519 1858 1594 determi-

280 1645 361 1720 nati
394 1643 632 1733 tribuuntur,
681 1642 778 1740 ipsa
801 1641 941 1716 functio
977 1667 1025 1718 ex
1064 1642 1107 1718 iis
1141 1643 1307 1738 formata
1342 1643 1634 1720 determinatum
1669 1645 1857 1744 adipisca-

279 1783 340 1844 tur·
374 1764 571 1860 valorem,
604 1767 720 1843 veluti
754 1768 850 1842 haec
885 1766 1027 1842 functio
1061 1765 1134 1865 ary,
1169 1764 1421 1873 si'ponamus
1454 1780 1602 1847 rat-‘2
1639 1783 1680 1847 et
1710 1781 1858 1868 933,

279 1898 450 1983 valorem
485 1893 625 1995 accipit
657 1899 777 1972 ·.··..6.
844 1895 980 1996 Longe
1022 1917 1133 1970 secus
1168 1907 1295 1969 autem
1336 1880 1464 1971 evenit
1496 1897 1537 1970 in¹
1568 1897 1733 1972 formula
1768 1897 1859 1972 inte·

279 2023 375 2123 grali
400 1997 549 2122 spbar,
582 2021 687 2121 eujus
721 2023 831 2095 valor
863 2045 936 2119 pro
973 2043 1065 2095 casu
1098 2031 1253 2129 aaz?
1288 2032 1328 2095 et
1358 2034 1506 2117 9:13
1544 2024 1766 2122 neutiquam
1801 2047 1860 2098 as·

279 2149 423 2249 signari
456 2160 610 2247 potest,
659 2146 729 2221 nisi
763 2147 861 2223 inter
891 2171 920 2244 y
952 2159 991 2221 et
1022 2171 1055 2220 a·
1095 2160 1201 2222 certa
1234 2148 1421 2242 quaedam
1459 2147 1598 2225 relatio
1638 2165 1858 2239 statuatur3

280 2254 525 2381 tum'aut'em
563 2297 610 2349 ea
641 2274 803 2348 formula
828 2272 939 2351 abit
961 2272 1003 2363 in
1044 2272 1276 2349 functionem
1316 2272 1451 2349 unicae
1493 2276 1698 2364 variabilis,
1770 2277 1860 2350 For·

279 2402 477 2478 mularum*
499 2424 595 2503 ergo
627 2400 864 2499 integralium
883 2420 1024 2499 ,quae
1056 2398 1240 2500 integrari
1269 2386 1489 2497 nequeunt,
1531 2399 1669 2479 natura
1702 2401 1860 2481 sollicite

282 2555 305 2604 a
337 2542 474 2608 natura
515 2527 745 2604 functionum
780 2528 969 2628 vdistingui
1004 2526 1145 2618 debet,
1194 2551 1279 2605 eum
1312 2526 1549 2621 functiones,
1582 2531 1711 2607 statim
1748 2544 1860 2629 atque

281 2654 560 2752 quantitatibus
585 2652 858 2746 variabilitas,
899 2679 945 2732 ex
978 2651 1113 2748 quibus
1147 2651 1390 2745 condantur,
1434 2654 1674 2733 determinati
1709 2660 1861 2733 valores

282 2781 518 2874 tribuuntur,
552 2780 658 2879 ipsae
692 2805 842 2891 quoque
875 2779 1148 2898 determinatos
1183 2782 1335 2873 valores
1369 2780 1575 2882 recipiant,
1609 2783 1760 2861 etiamsi
1794 2809 1860 2861 va-

182 2922 186 2927 ·
280 2907 433 2984 riabiles
475 2908 578 2983 nullo
618 2907 733 2983 modo
775 2932 798 2981 a
841 2931 882 2983 se
924 2905 1086 2982 invicem
1123 2908 1347 3004 pendeant;
1395 2910 1498 3015 quod
1540 2909 1694 2993 minime
1733 2915 1862 2990 evenit

281 3037 319 3110 in
356 3034 524 3112 formulis
564 3033 866 3140 integralibus,
886 3034 1037 3136 quippe
1070 3057 1231 3139 quarum
1265 3034 1542 3110 determinatio
1571 3060 1705 3114 omnes
1746 3041 1862 3139 plane

283 3164 436 3239 valeres
475 3161 721 3237 intermedios
754 3161 862 3237 simul
907 3157 1076 3238 includit.
1143 3158 1335 3259 Imprimis
1370 3170 1499 3236 autem
1531 3160 1616 3238 huic
1651 3165 1864 3242 discrimini

283 3290 460 3366 universa
493 3288 666 3364 doctrina
701 3288 749 3362 de
783 3289 955 3367 maximis
988 3300 1027 3365 et
1060 3285 1247 3381 minimis,
1282 3288 1331 3361 ad
1365 3311 1476 3384 quam
1515 3291 1575 3364 hie
1609 3294 1877 3399 attendimus,

231 3399 236 3407 ’
282 3416 464 3506 innititur,
498 3414 559 3490 ubi
594 3413 786 3507 formulas,
821 3416 983 3517 quibus
981 3412 1131 3489 maximi
1157 3413 1347 3489 minimive
1381 3417 1638 3516 proprietates
1664 3421 1866 3494 conciliari

283 3543 422 3625 debet,
457 3539 673 3615 necessario
706 3541 891 3640 ejusmodi
926 3538 1130 3640 integrales
1163 3563 1247 3615 esse
1282 3555 1459 3639 oportet,
1494 3567 1590 3679 quae
1624 3569 1696 3642 per
1733 3571 1775 3622 se
1811 3549 1867 3622 in-

282 3663 533 3763 tegrationem
568 3688 645 3738 non
677 3666 891 3793 admittant.
1018 3677 1023 3682 '

882 3870 1162 3977 Scholion
1231 3911 1268 3978 2.

447 4103 515 4176 97.
583 4096 639 4170 Ad
681 4098 865 4199 majorem
899 4096 1161 4173 Theorematis
1208 4095 1496 4174 illustrationem
1548 4102 1738 4201 ejusmodi
1792 4110 1889 4195 sor·v

283 4221 424 4294 mulam
457 4222 681 4323 integralem
705 4219 840 4323 sde
878 4202 1187 4312 consideremus,
1224 4210 1321 4320 qnae
1356 4249 1424 4322 per
1458 4250 1498 4303 se
1534 4226 1580 4302 sit
1614 4228 1880 4331 integrabilis,

281 4369 547 4446 ponamusque
578 4351 741 4451 exempli
773 4352 900 4450 gratia
