4260 5686
766 377 984 461 CAPUT
1049 385 1080 463 1.
1565 404 1655 481 ³87

123 600 259 664 turam
294 581 510 682 exprimere
544 591 606 657 cst
637 573 939 678 concipienda..
976 579 1036 655 Ex
1067 603 1145 676 quo
1178 594 1294 680 prout
1325 579 1428 657 binav
1447 603 1600 682 puncta
1627 609 1724 684 pro·

127 713 238 790 xima
268 711 430 786 alterum
464 707 502 782 in
535 704 621 805 ipsa
639 725 775 783 curva
797 704 1026 805 proposita,
1066 708 1227 783 alterum
1260 706 1481 799 invariata
1502 709 1724 791 comitante

131 848 347 917 assumtum
389 833 487 909 inter
528 855 571 908 se
611 835 908 928 comparantur,
965 831 1047 906 fieri
1099 845 1229 931 potest
1269 845 1312 909 ut
1351 859 1423 933 pro
1472 836 1620 913 variata
1665 837 1727 914 vel

133 967 273 1042 ornnes
313 977 393 1036 tres
436 956 688 1036 coordinatae
727 958 919 1055 prodeant
958 959 1152 1050 diversae,
1204 961 1265 1034 vel
1304 961 1403 1035 duae
1443 973 1612 1054 tantum,
1666 967 1727 1041 vel

134 1091 276 1169 saltem
306 1086 437 1178 unica,
484 1087 695 1183 harumque
728 1082 966 1161 differentiae
1001 1108 1024 1159 a
1058 1085 1294 1163 coordinatis
1327 1086 1550 1187 principalis
1585 1115 1728 1168 curvae

136 1241 270 1302 earum
303 1211 534 1291 variationes
566 1214 932 1311 repraesentabunt3
974 1234 1068 1310 quas
1101 1234 1229 1320 autem
1262 1212 1323 1289 hic
1357 1212 1408 1318 ita
1444 1216 1728 1313 generalissime

140 1339 394 1445 contemplari
427 1337 627 1428 convenit,
676 1348 717 1411 ut
752 1337 801 1412 ad
836 1361 970 1416 ornnes
1004 1338 1158 1415 omnino
1199 1363 1338 1416 curvas
1361 1335 1563 1449 'pronimas
1597 1357 1728 1420 exten·

140 1473 298 1562 dantur,
347 1465 427 1543 sive
468 1488 538 1541 eae
572 1477 654 1564 'per
696 1474 817 1540 totum
861 1477 1027 1541 tractum
1061 1488 1084 1539 a
1118 1459 1238 1540 curva
1270 1447 1646 1571 propo'sita'luarint¹
1673 1469 1729 1545 di·

140 1619 302 1687 versae,
346 1590 426 1670 sive
466 1602 613 1669 tantum
653 1587 692 1663 in
730 1586 955 1689 quibusdam
987 1590 1227 1691 portionibus
1262 1593 1311 1669 ab
1346 1617 1392 1668 ea
1426 1575 1629 1686 aberrent;
1679 1595 1732 1671 ita

94 1717 98 1816 J
140 1736 186 1801 ut
222 1721 336 1802 etiam
378 1718 499 1795 lineae
541 1740 619 1792 non
659 1717 862 1794 continuae
905 1717 1112 1794 dummodo
1160 1718 1363 1818 principali
1406 1719 1481 1796 sint
1524 1721 1731 1816 proximae,
1841 1754 1846 1761 ’

142 1851 232 1926 hinc
263 1869 340 1925 non
373 1845 634 1923 excludantur.
719 1843 855 1946 Neque
888 1844 990 1921 enim
1023 1847 1096 1920 bae
1130 1869 1273 1920 curvae
1306 1844 1480 1920 variatae
1513 1846 1577 1920 ulli
1611 1848 1732 1924 conti·

141 1974 300 2054 nuitatis
338 1971 413 2074 legi
452 1983 540 2049 aunt
582 1969 897 2071 adstringendae,
944 1980 987 2046 ut
1026 1994 1159 2048 omnes
1196 1973 1311 2071 plane
1352 1995 1491 2050 curvas
1531 1974 1732 2071 possibiles

143 2101 290 2183 infinite
322 2122 461 2202 parum
494 2123 518 2175 a
552 2095 754 2203 principali
787 2099 1012 2177 aberrantes
1046 2097 1085 2174 in
1117 2122 1160 2176 ae
1193 2099 1511 2199 complectantur.

685 2379 1093 2458 Corollarium
1166 2391 1203 2456 1.

302 2534 382 2640 ll.
452 2546 574 2640 Cum⁴¹¹
597 2541 741 2662 puncto
791 2552 894 2662 ergo
932 2585 1176 2660 quocunque„
1208 2580 1348 2636 curvae
1396 2561 1620 2661 propositae
1668 2585 1735 2640 seu
1786 2594 1800 2630 ι

151 2680 374 2794 principalis
417 2685 672 2788 comparatur.¹
707 2683 888 2797 quactum
929 2688 1134 2790 puodpiam
1184 2711 1325 2775 curvae
1372 2686 1543 2762 variatae
1593 2670 1737 2767 infinite

106 2901 112 2912 ,
152 2840 292 2919 parum
326 2819 375 2894 ab
408 2816 472 2891 i¹1⁰
500 2813 702 2908 dissitum,
751 2827 790 2891 et
822 2808 986 2912 hincque
1027 2802 1339 2915 coordinatarum
1373 2812 1604 2893 variationes
1643 2817 1735 2893 defi.

150 2940 227 3023 nisi
256 2942 526 3046 intelliguntur.
1182 2941 1186 2947 ·
1512 2953 1514 2955 .
1713 2922 1719 2937 ·

116 3229 150 3293 Τ
512 3318 515 3323 st
689 3225 1097 3304 Corollaria-m
1165 3234 1204 3302 2.

203 3514 214 3529 ι
322 3430 392 3504 15.
457 3425 557 3520 Quia
591 3447 709 3524 porro
743 3447 790 3530 en
823 3431 992 3500 assumta
1024 3414 1197 3494 variabili
1228 3441 1304 3493 una
1337 3445 1387 3511 x,
1425 3419 1538 3494 binae
1572 3419 1740 3520 reliquae

157 3560 260 3652 yet
289 3574 317 3627 z
347 3551 511 3652 ideoque
544 3572 729 3651 punctum
769 3574 911 3626 curvae
945 3545 1163 3649 propositae
1197 3543 1490 3637 determinatur,
1528 3545 1641 3630 etiam
1675 3572 1742 3626 va·

156 3677 338 3756 riallones
372 3679 606 3781 singularum
640 3677 950 3755 coordinatarum
983 3684 1165 3772 tanquam
1198 3673 1410 3749 functiones
1434 3669 1551 3773 ipsius
1577 3700 1609 3763 x
1630 3698 1744 3776 spec·

152 3816 245 3883 *tare
277 3804 387 3898 licet,
419 3805 625 3885 dummodo
658 3828 792 3883 earum
826 3803 1018 3904 quantitas
1050 3813 1092 3877 ut
1120 3799 1261 3876 infinite
1294 3820 1418 3898 parva
1451 3813 1657 3898 spectetur.
1691 3804 1716 3819 ”

696 4056 1104 4167 corollarium
1173 4097 1213 4162 3.

331 4288 397 4361 16.
464 4285 562 4362 Tres
594 4309 695 4386 ergo·
730 4306 973 4383 quascunque
1004 4279 1221 4358 functiones
1252 4278 1369 4380 ipsius
1401 4288 1659 4374 autcunque
1688 4276 1745 4352 in·

168 4427 231 4489 ter
268 4430 310 4488 ae
352 4409 523 4490 diversas
565 4411 772 4512 concipere
811 4409 919 4503 licet,
968 4431 1067 4508 quae
1107 4430 1181 4508 per
1221 4407 1393 4484 factores·-
1429 4402 1572 4480 infinite
1602 4424 1747 4503 parvos

168 4536 441 4639 multiplicatae
473 4539 633 4616 idoneae
665 4556 776 4615 erunt
812 4538 862 4614 ad
899 4550 1030 4617 ternas
1072 4532 1305 4614 variationes
1338 4531 1652 4610 coordinatarum
1686 4553 1748 4606 re·

1416 4658 1510 4741 ⁴9·
