4260 5686
319 400 383 476 '28
468 382 476 389 ’
893 387 1120 469 CAPUT
1170 384 1215 465 l.

264 619 300 690 ll
333 640 381 693 ex
414 617 506 693 data
538 632 766 728 quacunque
803 607 993 685 relatione
1030 610 1362 690 harum'duarurn
1395 608 1641 688 sormnlamm
1673 566 1779 725 (ἐξ)
1802 616 1847 681 et

265 728 357 895 ffi)
404 778 463 840 cst
508 729 731 836 difinienda.
797 752 947 828 Relatio
997 769 1122 833 autem
1169 758 1266 835 llaec
1312 781 1383 856 per
1430 751 1697 854 aequationem
1741 753 1846 827 iuter

268 914 360 991 istas
394 912 574 987 formulas
606 919 646 981 et
677 899 786 978 binas
818 896 1022 978 variabiles
1054 927 1088 977 a:
1118 914 1158 978 et
1188 926 1244 1002 y,
1286 927 1401 1001 quam
1433 900 1549 977 etiam
1581 900 1665 996 ipsa
1698 896 1844 971 functio

268 1041 439 1139 quaesita
471 1039 505 1109 V
537 1030 685 1135 ingredi
718 1037 874 1127 potest,
923 1028 1176 1127 exprimitur,
1227 1053 1274 1105 ex
1307 1030 1411 1130 cujus
1445 1023 1681 1123 aequationis
1713 1022 1844 1097 indole

265 1165 400 1244 divisio
434 1157 672 1240 tractationis
705 1152 779 1257 erit
810 1153 989 1252 peteuda.
1053 1156 1253 1253 Problema
1286 1155 1431 1230 seilicet
1464 1150 1664 1254 generale,
1694 1148 1732 1223 in
1766 1173 1845 1244 quo

264 1292 453 1370 solvendo
487 1289 559 1365 ista
592 1282 711 1361 sectio
746 1289 806 1356 est
838 1293 1053 1379 occupata,
1085 1280 1139 1358 ita
1171 1282 1383 1376 sehabet,
1415 1294 1456 1357 ut
1482 1301 1533 1355 ca
1566 1275 1741 1354 binarum
1775 1296 1844 1349 va·

264 1418 453 1493 riabilium
490 1439 523 1490 x
556 1431 655 1507 ety
695 1404 840 1482 functio
873 1405 907 1478 V
946 1404 1185 1501 inveniatur,
1233 1430 1332 1506 quae
1375 1402 1588 1487 satisfaciat
1626 1397 1848 1499 aequationi

268 1559 479 1657 cuicunque
527 1556 626 1631 inter
675 1545 905 1649 quantitates
953 1576 1017 1645 co,
1054 1576 1112 1652 y,
1152 1552 1214 1646 V,
1261 1516 1352 1674 (ἓξ)
1390 1562 1430 1629 et
1469 1514 1559 1681 (ἐξ)
1607 1544 1846 1647 lamponium

270 1704 417 1799 Quodsi
449 1701 489 1775 in
522 1703 622 1775 hane
657 1691 925 1793 aequationem
953 1692 1074 1771 altera
1107 1710 1254 1777 tautum
1286 1697 1461 1776 binarum
1494 1692 1740 1770 formularum
1771 1688 1847 1765 dil·

269 1847 520 1925 serentialium
555 1811 647 1964 (Ξ-ξ)
686 1838 748 1915 vel
768 1799 880 1969 (g)
923 1834 1183 1938 ingrediatur,
1230 1840 1413 1921 resolutio
1448 1864 1528 1917 non
1567 1850 1628 1915 est
1667 1835 1848 1928 difficilis,

272 2009 387 2092 atque
422 1993 471 2068 ad
505 2015 636 2068 casum
677 1983 952 2081 aequationum
985 1981 1292 2061 differentialium
1324 1984 1420 2061 duas
1458 1996 1606 2060 tantum
1644 1980 1849 2057 variabiles

270 2119 540 2196 involventium
573 2109 795 2202 reducitur3
844 2108 997 2206 quando
1033 2122 1159 2186 autem
1192 2115 1329 2188 ambae
1362 2109 1457 2188 istae
1490 2107 1676 2187 formulae
1710 2107 1750 2184 iu
1781 2130 1850 2181 ae·

270 2246 450 2344 quatione
483 2241 683 2345 proposita
716 2233 877 2324 insuat,
922 2233 1098 2331 quaestio
1131 2235 1249 2315 multo
1283 2235 1406 2340 magis
1439 2247 1499 2311 est
1530 2238 1650 2311 ardua
1682 2257 1728 2309 ao
1761 2253 1851 2307 sae·

271 2396 482 2474 penumcro
516 2393 564 2443 ne
597 2361 737 2443 resolvi
778 2358 932 2455 quidem
964 2373 1120 2456 potest,
1169 2362 1332 2440 etiamsi·
1363 2361 1546 2440 resolutio
1580 2356 1852 2458 aequationum

273 2493 579 2572 differentialium
614 2492 709 2565 duas
740 2495 888 2559 tantum
920 2482 1127 2560 variabiles
1160 2485 1493 2587 complectentium
1526 2485 1769 2563 admittatur:
1809 2483 1852 2559 in

272 2625 349 2699 boo
381 2619 482 2696 enim
514 2613 699 2718 negotio,
745 2607 895 2707 quoties
927 2607 1200 2686 resolutionem
1241 2613 1291 2688 ad
1322 2611 1617 2712 integrationem
1656 2607 1851 2709 aequatio-

272 2768 365 2823 num
405 2739 711 2821 differentialium
752 2733 852 2811 inter
892 2733 990 2810 duas
1024 2735 1229 2814 variabiles
1260 2741 1448 2817 reducere
1487 2738 1606 2832 licet,
1647 2733 1854 2836 problema

277 2898 351 2973 pro
392 2872 564 2948 resoluto
607 2865 681 2944 erit
718 2860 948 2939 habendum.
1016 2861 1116 2938 Cum
1150 2862 1264 2966 igitur
1302 2891 1351 2945 ex
1390 2863 1617 2963 aequatione
1649 2858 1855 2965 proposita

276 3019 439 3093 formula
459 2981 549 3149 (ἐξ)
570 3020 754 3112 aequetur
777 3003 961 3103 functioni
983 3017 1175 3108 utcunque
1198 3035 1249 3087 ex
1264 3009 1533 3110 quantitatibus
1545 3031 1590 3100 x,
1604 3026 1645 3104 y,
1659 3004 1694 3080 V
1710 3015 1749 3085 et
1765 2970 1854 3123 (Ξέ)
1875 3060 1881 3077 .

277 3163 489 3258 conflatae,
522 3186 569 3238 ex
600 3158 728 3235 indole
760 3153 870 3255 hujus
902 3151 1127 3248 functionis,
1159 3168 1276 3255 prout
1308 3154 1421 3232 luerit
1452 3150 1681 3254 simplicior,
1719 3164 1758 3229 et
1789 3150 1855 3230 sel

277 3309 400 3386 solam
441 3303 645 3382 formulam
679 3267 802 3419 (3—1),
850 3298 912 3374 rel
948 3309 1109 3396 praeter
1146 3321 1234 3376 eam
1279 3300 1432 3378 unicam
1472 3324 1521 3377 ax
1559 3296 1742 3397 reliquis,
1789 3298 1854 3373 vel

278 3448 393 3524 etiam
426 3446 557 3538 binas,
587 3445 649 3521 vel
682 3444 780 3519 adeo
813 3465 945 3522 omnes
978 3446 1301 3545 comprehendat,
1331 3445 1600 3523 tractationem
1631 3452 1856 3539 coquentem

278 3571 555 3649 distribuamus.
620 3570 708 3646 Hoc
743 3569 844 3647 enim
882 3567 1017 3647 ordine
1049 3581 1205 3648 servato
1243 3570 1421 3651 facillime
1456 3566 1689 3668 apparebit,
1730 3586 1855 3662 quan·

279 3710 360 3777 tum
392 3697 518 3772 adhuc
549 3705 749 3795 praestare
781 3694 908 3791 liceat,
939 3711 979 3772 et
1010 3707 1190 3794 quantum
1222 3697 1348 3775 adhuc
1378 3695 1626 3775 desideretur.
1676 3690 1856 3767 Praeter·

281 3848 330 3905 es
361 3845 456 3900 vero
488 3820 673 3898 nonnulla
705 3820 874 3901 subsidia
912 3820 1018 3901 circa
1049 3798 1425 3901 mansformatiouem
1464 3821 1641 3901 binarum
1671 3815 1855 3897 formida·

282 3972 368 4027 rum
397 3945 703 4026 differentialium
735 3950 786 4029 sd
816 3947 914 4029 alias
945 3946 1149 4029 variabiles
1178 3949 1407 4050 exponenda
1437 3957 1655 4028 occurrent·

652 4197 890 4281 Divisio
935 4201 1110 4306 lrujus
1166 4200 1484 4291 sectionis.

414 4367 504 4463 Quo
534 4376 700 4469 partes,
729 4391 826 4468 quas
857 4368 898 4445 in
929 4373 1005 4448 hac
1036 4368 1208 4448 sectione
1238 4367 1470 4470 pertractari
1501 4364 1731 4464 conveniet,
1773 4365 1857 4447 cla·

285 4497 364 4587 rius
393 4493 620 4596 conspectui
645 4505 900 4603 exponantur,
930 4494 1112 4601 quoniam
1143 4497 1219 4577 bae
1240 4496 1485 4599 quaestiones
1504 4494 1610 4575 circa
1640 4491 1857 4576 mucione·
