4260 5686
343 451 428 529 dl'b
879 427 1101 509 CAPUT
1175 427 1238 503 vl.

275 640 514 722 referamus,
560 627 697 727 quibus
736 622 894 700 eaedem
932 619 1045 698 binae
1086 622 1343 724 coordinatusv
1375 648 1407 700 x
1439 636 1538 724 ety
1576 629 1856 729 respondeant,

160 767 162 772 ’
276 770 432 864 solaque
466 756 580 836 tertia
614 781 639 832 z
671 750 923 831 variationem
954 750 1134 850 patiatur.
1201 750 1304 845 Quin
1337 753 1453 830 etiam
1493 754 1591 831 haec
1624 760 1855 858 suppositio,

274 918 361 973 cum
395 888 445 966 ad
476 885 661 964 formulas
694 880 899 982 integrales
930 877 1250 980 progrediemur,
1283 902 1333 956 eo
1367 878 1491 983 magis
1524 893 1584 960 est
1613 888 1856 985 necessaria,

273 1015 583 1124 quandoquidem
622 1032 776 1110 semper
815 1017 936 1083 totum
977 1005 1170 1106 negotium
1213 1008 1264 1082 ad
1304 1009 1489 1111 ejusmodi
1529 1010 1718 1091 formulas
1765 1013 1857 1095 inte·

274 1148 402 1256 grales
435 1138 685 1246 perducitur,
732 1160 831 1234 quae
865 1131 1055 1233 duplicem
1089 1133 1386 1236 integrationem
1417 1126 1663 1237 requirunt',‘
1693 1140 1736 1217 in
1769 1166 1862 1242 qua.

272 1300 362 1356 rum
404 1273 528 1349 altera
569 1267 653 1344 sola
694 1287 726 1340 aa
767 1264 806 1338 in
847 1262 968 1337 altera
1008 1285 1104 1340 vero
1145 1262 1289 1361 solay
1329 1275 1372 1341 ut
1411 1265 1604 1346 variabilia
1644 1279 1861 1366 tractatum

274 1405 348 1485 nisi
380 1423 475 1504 ergo
508 1399 646 1473 harum
679 1390 912 1467 variationes
953 1390 1078 1466 nullae
1119 1401 1363 1485 statuantur,
1411 1394 1577 1471 maxima
1613 1387 1860 1476 incommoda

272 1531 362 1609 iude
394 1529 435 1604 in
466 1522 655 1605 caleulum
686 1518 985 1612 inveherentur}
1034 1517 1101 1617 qui
1134 1542 1222 1597 eum
1254 1542 1328 1620 per
1366 1542 1407 1597 se
1441 1521 1668 1622 plerumque
1707 1525 1760 1603 sit
1791 1524 1858 1602 dif-

272 1657 488 1747 ficillimus,
535 1648 690 1727 minime
728 1643 947 1724 consultum
979 1643 1156 1746 videtur,
1181 1650 1183 1654 ’
1205 1666 1249 1722 nt
1280 1670 1328 1723 ex
1361 1648 1434 1725 hac
1472 1660 1583 1752 parte
1625 1649 1858 1731 difficultates

272 1782 583 1882 multiplicentur.
651 1774 912 1872 Quamobrem
945 1775 1045 1850 hane
1081 1773 1350 1853 tractationem
1392 1775 1445 1853 ita
1478 1802 1563 1855 sum
1596 1779 1857 1880 expediturus,

273 1925 316 1991 nt
347 1912 386 1988 ia
419 1918 619 2012 posterum
653 1912 843 2004 perpetuo
875 1898 974 1977 binis
1007 1899 1254 1980 variabilibus
1287 1926 1321 1977 x
1353 1914 1393 1979 et
1423 1925 1453 2003 y
1484 1905 1606 1984 nullas
1646 1905 1765 2007 plane
1796 1930 1860 1984 va·

275 2039 461 2119 riationes
494 2032 686 2126 tribuam,
724 2028 922 2128 solamque
954 2028 1108 2106 tertiam
1140 2054 1168 2106 z
1199 2027 1413 2107 variatione
1448 2056 1682 2134 quacunque
1716 2021 1768 2116 δι
1795 2057 1860 2111 an·

273 2168 356 2273 geri
390 2182 585 2244 assumam
598 2215 613 2254 ,
660 2155 724 2234 ubi
755 2155 907 2256 quidem
941 2137 998 2232 δι
1036 2169 1079 2233 ut
1112 2156 1347 2236 functionem
1382 2183 1651 2261 quameunque
1692 2162 1860 2265 ipsarum

272 2321 306 2372 x
337 2306 377 2374 et
407 2316 436 2394 y
468 2290 550 2372 sive
582 2285 802 2367 continuam
834 2283 917 2363 sive
949 2282 1233 2365 discontinuam
1264 2308 1348 2364 sum
1381 2299 1642 2390 spectatums.

836 2529 1153 2611 Problema
1224 2537 1294 2613 17.

441 2739 544 2812 160.
611 2729 648 2808 si
692 2754 719 2805 z
760 2725 873 2803 fuerit
912 2727 1058 2804 functio
1096 2749 1352 2827 quaeeunque
1384 2727 1557 2830 ipsarum
1588 2755 1622 2805 a·
1655 2745 1695 2808 et
1727 2755 1776 2832 y,
1809 2733 1864 2808 ei·

277 2887 349 2966 que
382 2861 571 2938 tribuatur
603 2855 768 2935 variatio
803 2836 853 2929 δι
887 2853 1032 2951 pariter
1065 2868 1257 2954 utcunque
1290 2856 1341 2930 ab
1374 2881 1407 2929 x
1440 2869 1480 2934 et
1510 2876 1540 2955 y
1568 2857 1767 2958 pendens.
1808 2858 1864 2938 in·

274 2989 469 3093 vestigare
512 2984 744 3063 variationes
787 2979 1041 3058 formularum
1085 2982 1258 3059 omnium
1304 2979 1610 3064 differentialium
1662 2988 1865 3090 cujuscun-

271 3144 347 3220 que
380 3115 535 3194 ordinis.

946 3323 1192 3403 Salutio.

433 3522 510 3599 Pro
542 3516 856 3598 differentialibus
885 3516 1002 3618 primi
1036 3516 1180 3619 gradus
1211 3515 1401 3595 habentur
1433 3519 1507 3596 hae
1539 3518 1641 3598 duae
1674 3518 1871 3599 formulae

495 3704 620 3786 p:
653 3650 740 3803 (ἓξ)
806 3698 847 3763 et
888 3681 932 3785 ρ’
965 3706 1028 3764 ::
1060 3647 1176 3818 (ἐξ),

267 3906 435 3993 quarum
465 3874 700 3962 variationes
732 3905 821 3962 oum
853 3909 885 3962 x
918 3895 1018 3982 ety
1056 3878 1201 3959 nullam
1234 3877 1485 3961 variationem
1521 3881 1603 3986 pati
1637 3883 1872 3989 concipian-

272 4030 363 4114 tur,
395 4037 445 4094 ea
473 4033 594 4113 supra
626 4009 790 4090 inventis
824 4011 878 4090 ita
910 4037 954 4092 ae
986 4011 1182 4089 habebunt

498 4162 1250 4334 ῲεῷαῷεῷγ

145 4462 148 4467 ,
271 4380 346 4462 Pro
378 4382 691 4471 differentialibua
723 4392 881 4472 secundi
914 4391 1059 4474 ordinis
1090 4390 1165 4472 hae
1199 4401 1280 4472 tres
1312 4386 1501 4472 t'orrnulae
1532 4392 1728 4474 habentur

497 4547 1039 4710 vfflfflvzt
1320 4548 1601 4722 ‘=ffl‚
