4260 5686
912 430 1134 509 CAPUT
1199 433 1244 509 1..
1331 419 1344 460 ¹

268 660 320 710 ac
354 646 563 734 propterea
684 629 687 639 '
875 658 877 663 ’

437 818 444 825 -
499 754 551 842 δυ
579 778 647 838 :t
677 784 703 859 p
731 750 808 850 (bx
841 772 902 856 4·
935 753 990 858 &y
1026 776 1085 848 4-
1116 755 1214 851 oz),

270 887 518 966 manifestum
535 899 611 999 'est
644 886 866 964 solutionem
903 886 985 965 dari
1018 913 1132 989 posse
1165 887 1311 966 scilicet

500 1010 1157 1114 o:F:(ae-{-y÷z).
1287 1096 1290 1106 ‚

270 1144 415 1220 Verum
448 1143 500 1236 ad
534 1145 632 1214 banc
668 1138 922 1242 objectionem
954 1144 1218 1240 respondeo,·
1250 1143 1288 1217 in
1329 1146 1400 1221 hoc
1435 1144 1609 1241 exemplo
1645 1167 1736 1221 casu
1768 1169 1856 1220 eve·

273 1270 377 1361 nire,
412 1281 453 1345 ut
485 1267 598 1344 binae
633 1259 870 1345 conditiones
904 1267 1011 1345 simul
1046 1268 1257 1348 consistere
1290 1271 1457 1369 possint,
1500 1273 1620 1347 attera
1656 1270 1756 1345 enim
1787 1296 1857 1372 pa·

191 1418 194 1425 ·
274 1420 434 1496 rumpet
467 1397 683 1485 immutato,
728 1408 771 1470 ut
803 1405 983 1473 manente
1018 1415 1147 1493 ηερ
1181 1419 1266 1475 esse
1300 1399 1442 1479 debeat
1474 1417 1653 1498 tzore,
1695 1398 1858 1494 ideoque

246 1519 258 1535 '
503 1514 1088 1626 Dozpfflm-t-Bn-t-
1121 1514 1253 1616 ωδε),
1331 1598 1336 1603 .
1726 1605 1728 1609 ,

275 1652 524 1749 perspicuum
560 1664 645 1739 est,
696 1648 840 1725 nullum
875 1675 1005 1749 prop
1045 1649 1217 1728 valorem
1253 1653 1418 1733 exhiberi
1451 1677 1591 1755 posse,
1642 1675 1858 1752 perquem

276 1778 442 1854 formula
476 1774 737 1851 differentialis
816 1761 818 1764 ¹

502 1894 581 2027 ba:⁸
597 1915 657 1982 4-
689 1895 743 2000 by
776 1907 836 2002 -4-
871 1899 954 1987 coz
1053 1914 1055 1919 '
1477 2010 1479 2017 y

277 2028 531 2128 multiplicata
563 2028 798 2131 integrabilis
832 2034 1033 2123 reddatur,
1068 2035 1170 2132 quod
1203 2031 1354 2107 unicum
1389 2032 1606 2130 exemplum
1640 2032 1777 2109 suffieit
1811 2032 1861 2149 ad

277 2157 630 2246 demonstrandum,
657 2158 802 2233 duabus
826 2158 1100 2237 conditionibus
1125 2157 1434 2259 praescribendis
1456 2158 1668 2260 hujusmodi
1693 2156 1858 2258 quaesti·
1933 2170 1938 2178 '

277 2306 373 2359 ones
412 2284 580 2359 eradere
618 2286 820 2382 plusquam
860 2285 1164 2378 determinatas,
1221 2308 1344 2382 neque
1382 2296 1593 2384 propterea
1633 2283 1861 2362 solutionem
1970 2329 1971 2332 κ
2025 2353 2028 2367 ,

184 2471 186 2474 .
278 2396 480 2487 admittere
521 2410 593 2486 nisi
626 2410 750 2487 certis
792 2411 967 2500 casibus,
1018 2411 1151 2510 quibus
1193 2411 1303 2507 quasi
1345 2414 1466 2487 altera
1507 2409 1674 2486 conditio
1708 2412 1790 2512 jam
1823 2409 1861 2485 in

210 2602 215 2611 .
277 2538 402 2634 ¹altera
427 2536 670 2614 involvitur..
710 2537 903 2630 Quocirca
935 2562 1090 2639 semper
1123 2538 1237 2616 unica
1268 2536 1404 2615 relatio
1439 2537 1538 2613 inter
1572 2535 1754 2614 formulas
1788 2535 1860 2610 dis·

202 2744 205 2749 .
278 2662 498 2741 ferentiales
532 2665 734 2766 proposito
771 2666 924 2741 omnino
967 2666 1107 2745 sufficit
1148 2645 1727 2765 problematideterminando,
1761 2663 1862 2761 quod

278 2782 451 2880 idcirco,
500 2792 589 2889 quia
621 2817 692 2891 per
725 2790 1021 2894 integrationem
1055 2793 1198 2869 functio
1233 2791 1435 2870 arbitraria
1467 2789 1663 2868 indefinita
1695 2780 1863 2890 ingredi·

279 2924 372 3009 tor,
425 2943 546 3018 aeque
580 2943 716 3019 parum
749 2944 821 3018 pro
855 2919 1149 2997 indeterminato
1190 2941 1249 2995 est
1289 2918 1506 2998 habendum
1542 2943 1588 2995 ac
1620 2917 1878 3019 problemata
1993 2962 1999 2973 a

281 3044 417 3119 calculi
445 3045 644 3146 integralis
682 3046 923 3138 communis,
975 3071 1137 3148 quorum
1178 3043 1309 3122 solutio
1350 3056 1588 3145 constantem
1623 3039 1863 3119 arbitrariam

280 3170 499 3256 introducit,
