4260 5686
250 986 380 1085 sicque
411 984 618 1087 deinceps.¹

844 1201 1126 1313 SchoHon
1198 1214 1291 1284 l.⁴

298 1461 303 1469 ,
421 1381 521 1458 127.
590 1375 675 1453 Sive
708 1401 801 1478 ergo
845 1381 1006 1457 formula
1039 1383 1224 1467 varianda
1266 1376 1440 1461 habuerit
1472 1375 1644 1451 valorem
1682 1371 1833 1447 finitum
1899 1448 1911 1483 x

232 1499 334 1575 sive
375 1499 585 1594 inlinitum,
633 1503 713 1579 sive
754 1521 1078 1601 evanescentem,
1124 1533 1198 1608 ope
1243 1508 1378 1582 horum
1418 1520 1714 1602 praeceptorum
1747 1496 1835 1595 ejus

255 1626 416 1701 variatio
451 1626 613 1726 perinde
649 1650 699 1706 ae
738 1653 855 1728 snpra
896 1632 1061 1709 inveniri
1090 1647 1247 1735 potest,
1296 1654 1420 1728 neque
1452 1629 1552 1704 enim
1583 1629 1680 1701 haec
1715 1646 1832 1720 prae·

255 1765 369 1850 cepta
402 1777 425 1825 a
459 1754 722 1853 superioribus
755 1758 1007 1856 discrepant,
1047 1760 1119 1837 nisi
1152 1761 1259 1857 quod
1289 1757 1349 1832 hic
1383 1752 1543 1854 duplicis
1578 1750 1739 1853 generis·
1761 1769 1829 1824 va·

256 1880 358 1954 lores
391 1878 685 1975 differentiales,
715 1881 824 1956 alteri
858 1884 991 1961 litteris
1024 1884 1167 1978 latinis,
1197 1910 1295 1984 p‚·p,
1318 1905 1393 1976 r‚s
1426 1893 1503 1991 etc3
1533 1877 1644 1955 alteri
1675 1897 1829 1978 germa·
1874 1900 1878 1906 ’

256 2004 351 2081 nicis
383 2024 419 2105 t),
455 2024 490 2108 q,
524 2025 554 2099 t,
588 2009 610 2088 ὃ
644 2018 717 2082 etc.
751 2007 931 2101 indicati,
969 2007 1159 2086 introduci
1192 2011 1383 2102 debeant,
1427 2009 1532 2107 cujus
1567 2003 1624 2080 rei
1646 2002 1755 2085 -rstio
1789 1999 1828 2072 in

203 2162 213 2183 =·
256 2156 302 2207 eo
337 2142 395 2207 cst
434 2130 537 2225 sita,
580 2133 682 2231 quod
724 2134 785 2210 hic
823 2155 985 2234 utraque
1028 2134 1221 2214 variabilis
1258 2161 1287 2233 y
1320 2147 1358 2209 et
1390 2159 1416 2208 z
1463 2145 1646 2230 tanquam
1685 2125 1836 2202 functio»

257 2256 374 2355 ipsius
414 2283 446 2332 x
488 2259 656 2357 spectari
695 2272 836 2358 potest.
904 2262 968 2337 Sin
1012 2280 1138 2339 autem
1179 2263 1292 2337 unica
1336 2258 1510 2357 aequatio
1559 2260 1666 2333 inter
1699 2267 1834 2329 ternas

257 2382 505 2459 coordinatas
536 2386 704 2477 daretur,
738 2388 801 2463 vel
832 2400 1095 2484 quaereretur,
1129 2388 1285 2464 litterae·
1311 2385 1645 2471 bicintroductae
1675 2406 1702 2482 p
1736 2390 1775 2455 et
1807 2394 1835 2474 p

256 2510 382 2585 nullos
426 2510 623 2587 habiturae
664 2533 793 2590 essent
832 2515 986 2591 valores
1025 2527 1183 2607 certos,
1233 2540 1320 2592 cum
1361 2515 1469 2590 salva
1507 2511 1571 2588 illa
1604 2506 1832 2607 aequatione

257 2655 464 2731 fractiones
494 2618 547 2775 g}
580 2670 619 2733 et
649 2621 701 2778 ἐξ
735 2683 868 2737 omnes
902 2660 1055 2738 omnino
1088 2659 1241 2738 valores
1273 2638 1455 2758 recipere·
1482 2666 1655 2758 possent.
1705 2650 1832 2727 Ornis·

257 2802 309 2881 sis
334 2816 461 2879 autern
486 2803 543 2882 his
563 2801 709 2895 litteris,
743 2803 912 2904 ipsisque
937 2805 1251 2903 differentialibus
1284 2804 1322 2879 in
1354 2801 1503 2877 calculo
1530 2797 1683 2890 relictis,
1717 2798 1841 2873 etiam:

255 2953 328 3030 pro
361 2931 436 3008 hoe
471 2953 563 3008 casu
595 2930 730 3035 regula
763 2929 803 3006 in
835 2931 1024 3010 solutione
1057 2929 1233 3032 exposita
1261 2928 1514 3005 variationem
1547 2925 1768 3002 declarabit.

854 3172 1132 3254 Scholion
1199 3186 1251 3250 2..

426 3385 526 3453 ωδ.
594 3374 716 3477 Supra
756 3340 843 3482 Jani
886 3380 1189 3475 notavi,·hunc
1238 3401 1371 3457 casum
1418 3379 1530 3454 trium
1578 3373 1845 3462 variabilium·,.

260 3523 421 3596 quarum
453 3500 591 3581 relatio
626 3504 778 3606 gemina
806 3507 1033 3604 aequatione
1067 3507 1255 3600 defi-nitur,
1289 3506 1450 3582 sollicite
1482 3528 1567 3582 esse
1599 3502 1833 3601 distinguen-

259 3627 350 3703 dum
392 3629 450 3704 ab·
482 3653 549 3723 eo,
598 3632 662 3707 ubi
699 3634 836 3710 relatio
877 3632 990 3709 unica
1023 3635 1251 3733 aequatione
1284 3634 1431 3710 definiri
1463 3629 1680 3709 assumitur.
1745 3626 1834 3707 Dis·

261 3754 403 3830 mimen
438 3756 510 3831 hoc
544 3783 592 3834 ex.
617 3760 839 3836 Geometria
871 3759 1080 3837 clarissime
1113 3762 1333 3853 illustratur,
1366 3760 1429 3835 ubi
1463 3772 1597 3835 ternae
1629 3751 1834 3830 variabiles

261 3879 384 3957 vicem
425 3893 621 3959 ternarum
663 3890 975 3965 coordinatarnm
1018 3901 1182 3987 gerunt3
1230 3887 1389 3962 totidem
1438 3902 1563 3957 autem
1604 3880 1643 3955 in
1686 3877 1833 3953 calculo

263 4006 436 4084 adhiberi
473 4022 628 4116 oportet
666 4034 744 4088 non
785 4014 909 4090 sotum
944 4013 1097 4108 quando
1139 4011 1311 4108 quaestio
1353 4009 1465 4098 circa,
1492 4004 1713 4106 superficies
1744 4025 1842 4077 ver·-

261 4148 391 4227 satnr‚
442 4137 511 4212 sed
552 4137 667 4211 etiam
709 4142 863 4235 quando
897 4139 1021 4214 lineae
1055 4161 1196 4213 curvae
1234 4160 1318 4213 non
1350 4135 1395 4211 in
1422 4133 1557 4210 eodem
1589 4131 1703 4231 plano
1736 4127 1833 4206 sitae

262 4272 348 4334 sunt
382 4262 652 4361 explorandae.
718 4266 841 4364 Atque
882 4269 957 4342 hoc
998 4265 1151 4361 quidem
1192 4286 1284 4339 casu
1323 4259 1526 4364 posteriori
1566 4254 1845 4334 determinatio

263 4383 386 4460 lineae
428 4412 569 4465 curvae
611 4391 709 4466 duas
754 4391 1001 4488 aequationes
1041 4390 1140 4466 inter
1181 4407 1311 4466 ternas
1359 4387 1605 4466 coordinatas
1647 4382 1844 4484 postulat‚.

262 4509 321 4586 ita.
355 4512 549 4591 urbinus
598 4517 761 4614 quaevis.
796 4538 976 4615 tanquam
1022 4518 1237 4596 functiones
1282 4516 1416 4595 tertiae
1457 4511 1625 4615 spectari
1663 4505 1844 4610 possint..
