4260 5686
881 404 1118 528 .carur
1186 414 1250 491 vt

279 632 532 721 comparatas
562 640 655 697 esse
683 625 862 718 oportet,
913 625 954 690 ut
987 615 1148 699 nonsit
1216 590 1230 595 ¹*

505 746 981 868 &=ffl÷ffl

269 919 337 996 sed
377 917 503 1019 potius
545 923 595 997 ab
634 921 712 1041 boc
751 922 897 1002 valore
949 915 1299 1037 quomodocunque
1340 916 1563 1020 discrepet3
1612 925 1679 1009 ubi
1716 927 1869 1031 quidem
1905 1015 1906 1018 q

268 1045 455 1149 imprimis
486 1046 695 1124 notandum
730 1058 816 1140 est,
848 1052 921 1130 uas
957 1041 1172 1123 functiones
1209 1044 1263 1155 ita
1296 1046 1373 1124 late
1404 1060 1569 1150 petere,
1608 1065 1656 1129 ut'
1684 1054 1890 1134 disconti·x

268 1199 368 1251 uuae
398 1197 475 1250 non
509 1176 787 1268 excludantur,
833 1192 948 1277 atque
985 1175 1083 1252 adeo
1118 1197 1194 1272 pro
1226 1172 1343 1252 lubitu
1377 1174 1608 1254 variationes
1639 1192 1807 1266 tantum*
1827 1184 1866 1259 in

268 1301 385 1396 unico
406 1313 561 1405 puncto
595 1303 657 1381 vel
689 1305 846 1387 saltem
859 1307 1003 1407 exiguo
1043 1300 1170 1403 spatio
1208 1303 1387 1387 constitui
1419 1313 1618 1401 (ιιιειιιιί.-·
1613 1292 1704 1385 lle
1709 1320 1866 1421 autem
1937 1289 1960 1313 ⁵

267 1426 331 1507 hio
363 1428 428 1505 ulli
460 1428 575 1508 dubio
609 1432 716 1510 locus
749 1433 1016 1537 relinquatur,
1061 1432 1186 1530 probe
1221 1431 1437 1535 notandum
1469 1441 1557 1522 est,
1601 1459 1649 1513 ex
1681 1460 1752 1549 eo.
1763 1438 1867 1547 quod

270 1554 447 1656 ponimus
480 1582 507 1632 z
539 1559 726 1661 ejusmodi
760 1546 1037 1644 functionem
1028 1579 1199 1659 ipsarum
1232 1552 1264 1634 oi
1296 1544 1335 1635 et
1365 1579 1423 1659 y,
1472 1573 1514 1636 ut
1546 1556 1595 1634 sit

494 1698 645 1791 ὼε
672 1701 1019 1813 m÷fflu

268 1852 423 1932 minime
456 1858 563 1955 sequi
597 1860 681 1937 lore
715 1883 871 1959 quoque

497 1988 641 2083 dz:
577 1997 755 2106 -ρδω
793 2024 852 2095 -ῐ-
878 1990 999 2110 pido,

270 2152 590 2251 quemadmodum
637 2179 755 2257 supra
794 2158 1069 2248 assumimus,
1114 2166 1326 2257 propterea
1367 2157 1470 2255 quod
1504 2153 1612 2230 lrie
1602 2155 1675 2254 ipsi
1709 2182 1735 2232 z
1767 2179 1861 2274 pro·

268 2279 395 2379 priam
433 2280 631 2359 tribuimus
675 2282 925 2363 variationem
974 2281 1193 2382 neutiquam
1233 2285 1466 2386 pendentem
1517 2306 1539 2357 a
1587 2280 1861 2361 variationibus

189 2459 203 2473 ,
267 2405 439 2505 ipsarum
473 2436 505 2485 x
540 2430 579 2487 et
610 2428 652 2508 y.

841 2668 1152 2750 Problema
1223 2675 1293 2748 16.

446 2870 547 2946 147.
616 2867 818 2965 Proposita
866 2868 1096 2966 aequatione
1146 2869 1245 2945 inter
1295 2882 1375 2945 tres
1425 2865 1631 2942 variabiles
1673 2888 1716 2953 x,
1747 2865 1794 2959 y‚'
1824 2830 1864 2958 a,

274 2990 408 3089 quibus
447 2990 681 3068 variationes
723 3013 975 3090 quaeeunque
1022 2975 1104 3083 da,
1135 2974 1210 3089 dy,
1242 2978 1294 3069 δι
1333 2989 1579 3079 tribuuntur,
1629 2987 1865 3090 investigare

274 3117 509 3196 variationes
542 3116 792 3194 formularum
825 3115 1133 3195 differentialium
1166 3116 1326 3195 secundi
1358 3116 1505 3219 gradus

499 3248 985 3406 qde,d:
1017 3246 1606 3420 QQodth)

945 3563 1193 3646 solutio.

434 3759 510 3838 llic
545 3760 682 3839 iterum
714 3785 741 3839 z
773 3769 971 3865 spectatur
1008 3770 1051 3837 ut
1083 3757 1228 3837 functio
1262 3757 1433 3859 ipsamm
1465 3782 1497 3831 ιε
1532 3768 1571 3832 et
1602 3774 1656 3873 p,
1703 3750 1865 3851 quarum

278 3887 393 3966 etiam
426 3909 514 3967 sunt
547 3888 761 3971 functiones
794 3905 933 3968 ternae
965 3886 1200 3966 variationes
1221 3871 1290 3976 da,
1305 3871 1372 3984 dy,
1387 3875 1453 3975 δι’,
1484 3881 1587 3958 nullo
1619 3876 1734 3956 modo
1768 3901 1793 3952 a
1821 3899 1864 3954 se

276 4013 441 4095 invicem
472 4015 698 4117 pendentes.
766 4015 959 4111 Quoniam
990 4014 1030 4090 in
1061 4013 1322 4114 praecedente
1355 4011 1596 4112 problemate
1630 4001 1824 4102 posuimus

496 4205 618 4285 v:
652 4148 739 4303 (Q)
806 4199 845 4263 et
887 4178 1027 4283 vs:
1059 4145 1177 4316 (Q),

277 4339 336 4438 llis
369 4356 582 4438 formulis
572 4380 611 4436 m
644 4355 852 4438 subsidium
883 4355 1032 4436 voeatis
1064 4349 1294 4434 habebimus

504 4492 1170 4660 ᾳεᾷῷι-τ-ῧῑῑᾷ(

786 4765 789 4770 q
1432 4668 1529 4748 w
