4260 5686
843 388 1117 495 ¹catut
1190 424 1218 495 t
1685 439 1768 507 am
1853 466 1895 509 zv

268 628 324 692 ab
358 638 434 688 una
483 613 661 721 pluresve
680 562 681 565 i
702 610 935 684 variabilium
978 635 1023 684 ex
1065 613 1277 712 hujusmodi
1317 619 1486 692 formulis
1529 619 1836 696 differentialibua

270 763 430 838 proram
467 737 662 811 excedant.

849 990 1128 1066 Scholion
1203 1005 1239 1067 t.

304 1202 311 1207 ’
436 1195 537 1264 tas.
603 1186 702 1260 Nibil
744 1187 859 1261 etiam
891 1187 1074 1286 impedit,
1115 1191 1316 1288 quominus
1349 1193 1536 1289 quantitas
1568 1219 1593 1268 υ
1625 1211 1676 1269 ut·
1697 1198 1838 1273 functio

266 1313 384 1389 trium
418 1313 654 1388 variabilium
684 1335 728 1402 ac,
759 1335 787 1409 y
820 1335 860 1385 et
892 1337 918 1386 z
949 1317 1114 1414 spectari
1149 1319 1280 1414 possit,
1313 1318 1461 1395 etiamsi
1493 1312 1589 1394 sorte
1622 1321 1737 1396 duas'
1755 1341 1837 1397 tan·
1872 1382 1877 1391 ,

268 1453 352 1515 tum
384 1438 564 1531 involvat,
598 1442 688 1514 dum
722 1437 867 1514 scilicet
897 1439 996 1516 ratio
1029 1442 1314 1542 compositionis
1347 1445 1398 1519 itu
1432 1466 1492 1521 est
1525 1459 1839 1544 comparatam

268 1565 383 1640 tertia
420 1565 528 1660 quasi
568 1588 661 1641 casu
700 1562 932 1673 excesserit3
982 1567 1086 1665 quod
1126 1591 1173 1644 eo
1215 1567 1336 1644 minus
1376 1583 1434 1644 est
1463 1571 1705 1662 mirandum,
1754 1595 1840 1648 cum

267 1688 425 1764 idem
416 1714 454 1763 m
504 1689 757 1764 functionibus
803 1701 883 1762 taut
930 1690 1039 1768 unius
1073 1717 1187 1788 quam
1217 1696 1376 1768 duarum
1411 1694 1646 1770 variabilium
1687 1697 1863 1772 evenire

267 1814 405 1936 possit.
470 1815 656 1910 Quoniam
690 1813 789 1888 enim
822 1815 1031 1892 functiones
1064 1819 1175 1895 unius
1208 1819 1398 1894 variabilis
1432 1820 1736 1897 commodissime
1768 1846 1839 1921 per

271 1939 486 2042 applicatas
534 1938 744 2040 cujuspiam
793 1939 915 2013 lineae
957 1963 1097 2018 curvae
1134 1945 1415 2042 repraesentari
1459 1944 1608 2036 solent,
1656 1946 1839 2043 siquidem

269 2089 346 2166 pro
387 2089 528 2140 curvae
568 2079 703 2152 natura
744 2064 957 2165 applicatae
991 2069 1071 2168 ejus
1104 2082 1144 2143 ut
1176 2083 1305 2144 certae
1338 2069 1549 2145 lunationes
1583 2071 1774 2146 abscissae
1808 2098 1839 2145 x

272 2189 439 2290 spectari
476 2203 664 2290 possunt,
712 2216 804 2268 casu
845 2215 919 2287 quo
959 2191 1060 2267 linea
1100 2218 1218 2269 curva
1252 2193 1328 2269 abit
1360 2194 1398 2267 in
1428 2193 1567 2271 lineam
1599 2208 1745 2270 rectam
1780 2196 1838 2268 axi

220 2364 224 2370 =
271 2316 506 2417 parallelum,
540 2317 610 2392 etsi
643 2332 722 2392 tum
755 2315 946 2416 applicata
966 2318 1164 2415 quantitati
1188 2320 1376 2396 constanti
1406 2332 1602 2417 aequatur,
1630 2320 1837 2425 propterea

273 2456 401 2518 tamen
440 2465 487 2517 ex
526 2441 590 2516 illa
621 2443 707 2518 idea
740 2442 936 2543 generali,
983 2467 1059 2541 qua
1091 2460 1134 2520 ut
1165 2444 1308 2521 functio
1340 2446 1533 2545 abscissae
1566 2469 1598 2517 a:
1630 2440 1837 2544 spectatur,

273 2568 487 2665 neutiquam
529 2568 766 2659 excluditur;
808 2591 931 2664 neque
970 2569 1070 2644 enim
1111 2570 1143 2644 si
1182 2582 1419 2676 quaeratur,
1467 2569 1585 2667 qualis
1618 2569 1666 2645 sit
1700 2570 1839 2644 functio

272 2717 301 2790 y
333 2694 447 2793 ipsius
481 2692 548 2765 cc?
585 2694 796 2793 incongrue
829 2694 860 2769 is
892 2695 1128 2794 respondere
1161 2709 1219 2771 est
1254 2698 1478 2785 censendus,
1510 2695 1572 2792 qui
1605 2694 1706 2772 dicat
1742 2699 1838 2769 banc

275 2818 501 2895 functionem
533 2843 561 2914 y
595 2819 747 2915 aequari
780 2818 976 2915 quantitati
1010 2821 1212 2896 constanti.
1280 2821 1394 2913 Quod
1428 2820 1563 2896 deinde
1598 2822 1647 2894 ad
1680 2821 1839 2896 functio·

276 2968 345 3020 nes
379 2944 552 3019 binarum
585 2944 819 3021 variabilium
852 2970 883 3017 ar
917 2958 955 3019 ct
986 2969 1014 3039 y
1045 2946 1206 3034 attinet,
1248 2970 1342 3042 quas
1376 2969 1529 3041 semper
1559 2972 1629 3044 per
1660 2947 1839 3020 interval-

276 3072 340 3161 la,
382 3069 515 3166 quibus
547 3070 695 3169 singula
727 3069 920 3169 cujusdam
953 3071 1165 3168 superficiei
1197 3084 1337 3167 puncta
1372 3096 1394 3144 a
1427 3072 1601 3167 quopiam
1635 3072 1751 3168 plano
1784 3070 1839 3145 di·

279 3209 393 3285 stant,
428 3208 720 3294 repraesentare
753 3193 851 3286 licet,
885 3196 974 3269 dum
1007 3195 1118 3270 binae
1151 3195 1354 3272 variabiles
1387 3223 1421 3270 x.
1453 3211 1490 3270 et
1520 3220 1549 3293 y
1582 3197 1619 3269 in
1651 3197 1723 3270 hoo
1757 3197 1839 3293 pla-

275 3344 328 3395 no
370 3320 615 3416 accipiuntur,
654 3320 893 3395 manifestum
934 3330 993 3395 est
1034 3320 1164 3418 utique
1206 3322 1444 3421 superficiem
1485 3322 1537 3395 ita
1577 3333 1838 3418 comparatam

278 3470 362 3536 esse
395 3469 534 3545 posse,
572 3467 616 3520 ut
644 3439 790 3522 ⁸functio
822 3445 911 3536 illa,
941 3448 1003 3521 vel
1036 3471 1107 3545 per
1141 3446 1257 3522 solam
1291 3473 1335 3542 m,
1367 3448 1428 3522 vel
1462 3471 1532 3546 per
1564 3448 1682 3521 solam
1713 3471 1742 3541 y
1774 3447 1839 3520 de·

276 3573 509 3648 terminetur.
575 3571 674 3663 Quin
707 3572 820 3647 etiarn
859 3572 890 3646 si
923 3571 1141 3670 superficies
1171 3574 1281 3647 luerit
1318 3574 1429 3668 plana
1463 3573 1608 3672 ipsique
1639 3569 1691 3645 illi
1724 3571 1839 3669 plano

278 3697 488 3795 parallela,
538 3697 680 3772 sanctio
721 3697 785 3772 illa
818 3697 915 3773 adeo
951 3697 1029 3772 abit
1062 3698 1100 3771 in
1134 3698 1381 3795 quantitatem
1416 3705 1686 3789 constantem3
1717 3720 1839 3793 neque

276 3841 486 3921 propterea
532 3822 656 3898 minus
704 3843 885 3919 tanquam
926 3825 1069 3900 functio
1109 3825 1282 3901 binarum
1326 3826 1562 3902 variabilium
1605 3821 1840 3898 considerari

279 3947 442 4025 debebit.
510 3947 769 4039 Quamobrem
794 3948 907 4024 etiam
941 3931 1093 4046 quando
1127 3953 1304 4026 tractatio
1341 3953 1443 4024 circa
1476 3950 1688 4023 functiones
1728 3945 1841 4022 trium

277 4072 512 4149 variabilium
545 4088 746 4161 versatur,
779 4075 815 4147 in
846 4100 892 4149 eo
927 4098 1067 4173 genere
1099 4076 1214 4150 etiam
1248 4076 1432 4178 ejusmodi
1466 4073 1699 4162 functiones,
1742 4093 1840 4168 quae

279 4210 424 4274 tantum
465 4199 524 4272 vel
567 4223 636 4295 pcr
677 4199 785 4273 binas
826 4201 885 4274 vel
916 4201 1065 4274 unicam
1098 4201 1210 4274 trium
1243 4201 1474 4274 variabilium
1509 4225 1553 4292 x,
1583 4222 1611 4294 y
1645 4222 1682 4271 et
1716 4221 1740 4270 z
1774 4197 1839 4268 de·

279 4325 541 4411 terminantur,
576 4325 635 4398 vel
669 4323 766 4401 adeo
800 4325 906 4422 ipsae
941 4341 1025 4400 sunt
1059 4325 1287 4422 quantitates
1322 4338 1553 4402 constantes.
