4260 5686
779 1066 1123 1180 CAPUT
1213 1068 1345 1179 vll.

1027 1312 1098 1365 DE

261 1461 658 1549 trutmonia
712 1464 1153 1543 roanuaaaun
1206 1446 1659 1567 Iuraanaaturu'
1720 1466 1866 1544 raas

342 1612 720 1695 vauraataas-
774 1610 1291 1705 Invoavanrruaa
1341 1612 1604 1707 Quarum
1657 1612 1792 1699 una

277 1880 281 1893 ι
456 1767 529 1843 ua
578 1765 853 1844 auucrro
905 1744 1196 1843 alunnum
1247 1766 1669 1862 aaarQunauru

876 1919 1242 1999 sracrarua.

674 2322 678 2331 Ι
836 2229 1147 2307 Problema
1216 2238 1286 2311 lo.

1012 2449 1114 2524 159.

267 2618 553 2731 Formiarum
587 2651 827 2753 integralium
862 2634 951 2728 huo
966 2653 1245 2751 pertinentium
1278 2663 1460 2728 naturam
1488 2640 1684 2741 evolvere,
1722 2674 1766 2727 ac
1798 2675 1856 2726 ra·

267 2802 412 2879 uanam
445 2819 522 2897 qua
555 2794 956 2881 earum'variatioaes
992 2798 1215 2901 investigari
1247 2799 1473 2894 conveniat,
1506 2798 1719 2898 explicare.

932 3029 1187 3109 solutio.

433 3204 532 3279 Cum
566 3212 643 3279 traa
675 3203 890 3279 habeantur
924 3201 1128 3279 variabiles
1163 3229 1214 3293 x,
1247 3222 1278 3298 y
1309 3212 1347 3278 et
1378 3225 1425 3293 z,
1459 3222 1620 3297 quarum
1653 3223 1733 3276 una
1766 3227 1793 3276 z
1822 3213 1860 3276 nt

271 3330 413 3409 functio
454 3330 629 3405 binarum
669 3330 901 3426 reliquarum
935 3356 967 3405 x
1000 3344 1038 3406 et
1070 3352 1098 3427 y
1136 3341 1196 3406 est
1228 3329 1471 3428 spectanda,
1520 3326 1670 3402 etiamsi
1705 3328 1743 3402 in
1778 3327 1859 3426 ipsa

269 3456 494 3532 variationis
529 3455 823 3558 investigatione
856 3456 958 3533 ratio
992 3459 1103 3558 hujus
1145 3455 1351 3533 sanctionis
1389 3477 1460 3553 pro
1495 3453 1694 3554 incognita
1728 3456 1860 3530 habe'ri

271 3584 414 3674 debet,
464 3584 651 3659 formulae
684 3581 895 3684 integrales
935 3609 1035 3682 quae
1075 3584 1114 3657 in
1153 3585 1228 3659 lroc
1269 3582 1404 3658 calculi
1447 3604 1591 3681 genere
1631 3605 1859 3675 occurrunt,

271 3707 480 3809 plurimum
504 3707 728 3807 discrepant
760 3713 809 3786 ab
843 3710 899 3800 iis,
934 3736 1032 3809 quae
1068 3717 1171 3786 cirea
1206 3711 1317 3787 binas
1348 3720 1494 3785 tantum
1529 3708 1734 3785 variabiles
1768 3735 1857 3810 pro·

270 3835 367 3938 poni
400 3836 539 3912 solent.
607 3835 945 3927 Quemadmodum
978 3838 1079 3913 enim
1113 3837 1198 3913 talis
1231 3839 1359 3913 torma
1390 3835 1588 3937 integralis
1610 3828 1761 3933 silbae,
1796 3837 1857 3912 ubi

271 3964 307 4038 V
338 3964 434 4041 duas
467 3960 671 4040 variabiles
703 3988 736 4037 x
768 3983 808 4041 et
837 3988 867 4063 y
899 3964 1099 4064 implicare
1131 3981 1327 4056 censetur,
1359 3986 1519 4061 quarum
1550 3984 1580 4061 y
1612 3965 1666 4037 ab
1695 3989 1729 4039 a
1764 3989 1859 4063 pen·

272 4092 366 4167 dere
399 4088 638 4186 concipitur,
687 4092 798 4188 quasi
839 4115 989 4168 summa
1023 4092 1193 4168 omnium
1227 4092 1402 4168 valorum
1443 4089 1735 4167 elementarium
1771 4084 1859 4173 Vbs·

271 4240 345 4315 per
391 4238 526 4292 amnes
566 4217 720 4293 valores
758 4219 879 4315 ipsius
927 4244 960 4292 x
1007 4221 1259 4297 collectorum
1307 4216 1545 4295 considerari
1594 4228 1765 4317 potest;
1812 4219 1861 4294 ita

273 4343 431 4438 quando
465 4356 547 4419 tres
578 4341 781 4422 variabiles
813 4369 866 4435 x,
897 4370 926 4443 y
958 4359 996 4421 et
1029 4370 1056 4421 z
1087 4346 1301 4434 habentur,
1352 4368 1515 4444 quarum
1557 4345 1656 4419 haec
1689 4369 1716 4419 z
1750 4369 1776 4418 a
1807 4346 1860 4421 bi·

273 4466 335 4543 nis
366 4492 399 4541 :a
431 4482 471 4545 et
501 4491 530 4565 y
562 4468 672 4545 simul
705 4471 877 4568 pendere
893 4470 1139 4571 'concipitur‚
1172 4471 1375 4573 integralis
1407 4474 1481 4550 buo
1513 4470 1749 4571 pertinentia
1785 4472 1861 4547 col·

275 4592 481 4674 lectionem
528 4595 696 4674 omnium
736 4597 1010 4680 elementorum
1061 4600 1111 4676 ad
1156 4622 1292 4680 omues
1327 4600 1484 4679 valorea
1527 4612 1609 4680 tam
1647 4596 1771 4698 ipsius
1811 4624 1862 4689 x,
