<?xml version="1.0" encoding="UTF-8"?>
<!DOCTYPE html PUBLIC "-//W3C//DTD XHTML 1.0 Transitional//EN"
    "http://www.w3.org/TR/xhtml1/DTD/xhtml1-transitional.dtd">
<html xmlns="http://www.w3.org/1999/xhtml" xml:lang="en" lang="en">
 <head>
  <title>
</title>
<meta http-equiv="Content-Type" content="text/html;charset=utf-8" />
  <meta name='ocr-system' content='tesseract 3.04.00' />
  <meta name='ocr-capabilities' content='ocr_page ocr_carea ocr_par ocr_line ocrx_word'/>
</head>
<body>
  <div class='ocr_page' id='page_1' title='image "./leonhardieuleri02eulegoog_0414.png"; bbox 0 0 4260 5686; ppageno 0'>
   <div class='ocr_carea' id='block_1_1' title="bbox 336 456 1236 535">
    <p class='ocr_par' dir='ltr' id='par_1_1' title="bbox 336 456 1236 535">
     <span class='ocr_line' id='line_1_1' title="bbox 336 456 1236 535; baseline 0.002 -3"><span class='ocrx_word' id='word_1_1' title='bbox 336 465 422 532; x_wconf 74' lang='lat' dir='ltr'>m</span> <span class='ocrx_word' id='word_1_2' title='bbox 876 456 1100 534; x_wconf 81' lang='lat' dir='ltr'>CAPUT</span> <span class='ocrx_word' id='word_1_3' title='bbox 1165 459 1236 535; x_wconf 84' lang='grc' dir='ltr'><strong>ΙΙΙ.</strong></span> 
     </span>
    </p>
   </div>
   <div class='ocr_carea' id='block_1_2' title="bbox 143 649 1841 757">
    <p class='ocr_par' dir='ltr' id='par_1_2' title="bbox 143 649 1841 757">
     <span class='ocr_line' id='line_1_2' title="bbox 143 649 1841 757; baseline 0 -21"><span class='ocrx_word' id='word_1_4' title='bbox 143 656 145 663; x_wconf 47' lang='lat'><strong>⁴</strong></span> <span class='ocrx_word' id='word_1_5' title='bbox 270 663 358 739; x_wconf 89' lang='lat' dir='ltr'>Hoc</span> <span class='ocrx_word' id='word_1_6' title='bbox 392 655 507 757; x_wconf 87' lang='lat' dir='ltr'>igitur</span> <span class='ocrx_word' id='word_1_7' title='bbox 541 674 633 727; x_wconf 89' lang='lat' dir='ltr'>casu</span> <span class='ocrx_word' id='word_1_8' title='bbox 666 671 784 727; x_wconf 88' lang='lat' dir='ltr'>curva</span> <span class='ocrx_word' id='word_1_9' title='bbox 819 649 967 725; x_wconf 87' lang='lat' dir='ltr'>variata</span> <span class='ocrx_word' id='word_1_10' title='bbox 1002 649 1117 749; x_wconf 87' lang='lat' dir='ltr'>plane</span> <span class='ocrx_word' id='word_1_11' title='bbox 1150 676 1227 729; x_wconf 89' lang='lat' dir='ltr'>non</span> <span class='ocrx_word' id='word_1_12' title='bbox 1262 650 1456 755; x_wconf 81' lang='lat' dir='ltr'>discrepat</span> <span class='ocrx_word' id='word_1_13' title='bbox 1491 677 1513 729; x_wconf 90' lang='lat' dir='ltr'>a</span> <span class='ocrx_word' id='word_1_14' title='bbox 1545 654 1660 752; x_wconf 85' lang='lat' dir='ltr'>data,</span> <span class='ocrx_word' id='word_1_15' title='bbox 1691 681 1738 737; x_wconf 78' lang='lat' dir='ltr'>ac</span> <span class='ocrx_word' id='word_1_16' title='bbox 1772 671 1841 736; x_wconf 82' lang='lat' dir='ltr'>tota</span> 
     </span>
    </p>
   </div>
   <div class='ocr_carea' id='block_1_3' title="bbox 268 763 1251 875">
    <p class='ocr_par' dir='ltr' id='par_1_3' title="bbox 268 763 1251 875">
     <span class='ocr_line' id='line_1_3' title="bbox 268 763 1251 875; baseline -0.012 -11"><span class='ocrx_word' id='word_1_17' title='bbox 268 783 427 864; x_wconf 79' lang='lat' dir='ltr'>variatio</span> <span class='ocrx_word' id='word_1_18' title='bbox 462 780 650 856; x_wconf 83' lang='lat' dir='ltr'>formulae</span> <span class='ocrx_word' id='word_1_19' title='bbox 673 770 809 875; x_wconf 76' lang='lat' dir='ltr'>JVdae</span> <span class='ocrx_word' id='word_1_20' title='bbox 840 777 1116 855; x_wconf 67' lang='lat' dir='ltr'>reducitur&#39;ad</span> <span class='ocrx_word' id='word_1_21' title='bbox 1151 763 1251 854; x_wconf 76' lang='lat' dir='ltr'>de.</span> 
     </span>
    </p>
   </div>
   <div class='ocr_carea' id='block_1_4' title="bbox 860 1035 1265 1137">
    <p class='ocr_par' dir='ltr' id='par_1_4' title="bbox 860 1035 1265 1137">
     <span class='ocr_line' id='line_1_4' title="bbox 860 1035 1265 1137; baseline 0.012 -5"><span class='ocrx_word' id='word_1_22' title='bbox 860 1035 1154 1137; x_wconf 87' lang='lat' dir='ltr'>Scholion</span> <span class='ocrx_word' id='word_1_23' title='bbox 1227 1069 1265 1137; x_wconf 85' lang='lat'>1.</span> 
     </span>
    </p>
   </div>
   <div class='ocr_carea' id='block_1_5' title="bbox 267 1239 1844 1739">
    <p class='ocr_par' dir='ltr' id='par_1_5' title="bbox 267 1239 1844 1739">
     <span class='ocr_line' id='line_1_5' title="bbox 430 1239 1844 1371; baseline 0.002 -41"><span class='ocrx_word' id='word_1_24' title='bbox 430 1270 499 1340; x_wconf 86' lang='lat'>90.</span> <span class='ocrx_word' id='word_1_25' title='bbox 568 1251 736 1326; x_wconf 75' lang='lat' dir='ltr'>Ver-ictio</span> <span class='ocrx_word' id='word_1_26' title='bbox 785 1257 880 1332; x_wconf 87' lang='lat' dir='ltr'>haec</span> <span class='ocrx_word' id='word_1_27' title='bbox 928 1282 1001 1355; x_wconf 92' lang='lat' dir='ltr'>pro</span> <span class='ocrx_word' id='word_1_28' title='bbox 1053 1257 1218 1334; x_wconf 81' lang='lat' dir='ltr'>formula</span> <span class='ocrx_word' id='word_1_29' title='bbox 1267 1255 1444 1359; x_wconf 89' lang='lat' dir='ltr'>integrali</span> <span class='ocrx_word' id='word_1_30' title='bbox 1485 1239 1655 1371; x_wconf 77' lang='lat' dir='ltr'>sVdoo</span> <span class='ocrx_word' id='word_1_31' title='bbox 1699 1259 1844 1333; x_wconf 81' lang='lat' dir='ltr'>inventa</span> 
     </span>
     <span class='ocr_line' id='line_1_6' title="bbox 267 1383 1842 1486; baseline -0.004 -19"><span class='ocrx_word' id='word_1_32' title='bbox 267 1388 393 1467; x_wconf 86' lang='lat' dir='ltr'>statim</span> <span class='ocrx_word' id='word_1_33' title='bbox 427 1383 647 1483; x_wconf 81' lang='lat' dir='ltr'><strong>sappeditat</strong></span> <span class='ocrx_word' id='word_1_34' title='bbox 679 1383 879 1480; x_wconf 89' lang='lat' dir='ltr'>regulam,</span> <span class='ocrx_word' id='word_1_35' title='bbox 914 1410 1028 1480; x_wconf 84' lang='lat' dir='ltr'>quam</span> <span class='ocrx_word' id='word_1_36' title='bbox 1063 1384 1153 1461; x_wconf 90' lang='lat' dir='ltr'>olim</span> <span class='ocrx_word' id='word_1_37' title='bbox 1187 1385 1324 1460; x_wconf 87' lang='lat' dir='ltr'>tradidi</span> <span class='ocrx_word' id='word_1_38' title='bbox 1364 1411 1436 1486; x_wconf 92' lang='lat' dir='ltr'>pro</span> <span class='ocrx_word' id='word_1_39' title='bbox 1471 1408 1592 1458; x_wconf 89' lang='lat' dir='ltr'>curva</span> <span class='ocrx_word' id='word_1_40' title='bbox 1627 1383 1842 1460; x_wconf 86' lang='lat' dir='ltr'>invenienda</span> 
     </span>
     <span class='ocr_line' id='line_1_7' title="bbox 267 1509 1838 1613; baseline -0.002 -23"><span class='ocrx_word' id='word_1_41' title='bbox 267 1520 303 1593; x_wconf 90' lang='lat' dir='ltr'>in</span> <span class='ocrx_word' id='word_1_42' title='bbox 338 1511 414 1611; x_wconf 83' lang='lat' dir='ltr'>qua</span> <span class='ocrx_word' id='word_1_43' title='bbox 448 1513 558 1585; x_wconf 91' lang='lat' dir='ltr'>valor</span> <span class='ocrx_word' id='word_1_44' title='bbox 594 1509 762 1608; x_wconf 85' lang='lat' dir='ltr'>ejusdem</span> <span class='ocrx_word' id='word_1_45' title='bbox 800 1511 982 1586; x_wconf 86' lang='lat' dir='ltr'>formulae</span> <span class='ocrx_word' id='word_1_46' title='bbox 1017 1509 1212 1613; x_wconf 89' lang='lat' dir='ltr'>integralis</span> <span class='ocrx_word' id='word_1_47' title='bbox 1257 1511 1306 1589; x_wconf 90' lang='lat' dir='ltr'>sit</span> <span class='ocrx_word' id='word_1_48' title='bbox 1340 1512 1524 1589; x_wconf 77' lang='lat' dir='ltr'>maximus</span> <span class='ocrx_word' id='word_1_49' title='bbox 1565 1514 1628 1587; x_wconf 86' lang='lat' dir='ltr'>vel</span> <span class='ocrx_word' id='word_1_50' title='bbox 1663 1511 1838 1587; x_wconf 86' lang='lat' dir='ltr'>minimus.</span> 
     </span>
     <span class='ocr_line' id='line_1_8' title="bbox 267 1626 1581 1739; baseline -0.007 -17"><span class='ocrx_word' id='word_1_51' title='bbox 267 1645 337 1724; x_wconf 82' lang='lat' dir='ltr'>illa</span> <span class='ocrx_word' id='word_1_52' title='bbox 372 1638 472 1717; x_wconf 91' lang='lat' dir='ltr'>enim</span> <span class='ocrx_word' id='word_1_53' title='bbox 506 1635 639 1739; x_wconf 88' lang='lat' dir='ltr'>regula</span> <span class='ocrx_word' id='word_1_54' title='bbox 674 1637 869 1732; x_wconf 88' lang='lat' dir='ltr'>postulat,</span> <span class='ocrx_word' id='word_1_55' title='bbox 917 1633 958 1713; x_wconf 85' lang='lat' dir='ltr'>ut</span> <span class='ocrx_word' id='word_1_56' title='bbox 991 1642 1088 1715; x_wconf 91' lang='lat' dir='ltr'>haec</span> <span class='ocrx_word' id='word_1_57' title='bbox 1123 1639 1321 1739; x_wconf 82' lang='lat' dir='ltr'><strong>expressio</strong></span> <span class='ocrx_word' id='word_1_58' title='bbox 1578 1626 1581 1632; x_wconf 40' lang='lat'><strong>⁴</strong></span> 
     </span>
    </p>
   </div>
   <div class='ocr_carea' id='block_1_6' title="bbox 265 1793 1832 2514">
    <p class='ocr_par' dir='ltr' id='par_1_6' title="bbox 265 1793 1832 2514">
     <span class='ocr_line' id='line_1_9' title="bbox 491 1793 1494 1954; baseline 0.005 -6"><span class='ocrx_word' id='word_1_59' title='bbox 491 1793 904 1949; x_wconf 37' lang='lat' dir='ltr'>Nede&amp;</span> <span class='ocrx_word' id='word_1_60' title='bbox 1035 1797 1494 1954; x_wconf 41' lang='lat' dir='ltr'>b÷ena</span> 
     </span>
     <span class='ocr_line' id='line_1_10' title="bbox 267 2024 1832 2123; baseline -0.006 -14"><span class='ocrx_word' id='word_1_61' title='bbox 267 2029 382 2109; x_wconf 86' lang='lat' dir='ltr'>nihilo</span> <span class='ocrx_word' id='word_1_62' title='bbox 416 2024 585 2123; x_wconf 88' lang='lat' dir='ltr'>aequalis</span> <span class='ocrx_word' id='word_1_63' title='bbox 619 2034 817 2098; x_wconf 81' lang='lat' dir='ltr'>statuatur.</span> <span class='ocrx_word' id='word_1_64' title='bbox 884 2025 960 2101; x_wconf 90' lang='lat' dir='ltr'>Hic</span> <span class='ocrx_word' id='word_1_65' title='bbox 997 2038 1123 2102; x_wconf 91' lang='lat' dir='ltr'>autem</span> <span class='ocrx_word' id='word_1_66' title='bbox 1164 2028 1290 2104; x_wconf 87' lang='lat' dir='ltr'>statim</span> <span class='ocrx_word' id='word_1_67' title='bbox 1325 2027 1481 2106; x_wconf 89' lang='lat' dir='ltr'>evidens</span> <span class='ocrx_word' id='word_1_68' title='bbox 1514 2041 1594 2122; x_wconf 88' lang='lat' dir='ltr'>est,</span> <span class='ocrx_word' id='word_1_69' title='bbox 1635 2029 1684 2104; x_wconf 82' lang='lat' dir='ltr'>ed</span> <span class='ocrx_word' id='word_1_70' title='bbox 1715 2027 1768 2119; x_wconf 89' lang='lat' dir='ltr'>id,</span> <span class='ocrx_word' id='word_1_71' title='bbox 1799 2039 1832 2102; x_wconf 87' lang='lat' dir='ltr'>ct</span> 
     </span>
     <span class='ocr_line' id='line_1_11' title="bbox 267 2127 1829 2268; baseline -0.003 -35"><span class='ocrx_word' id='word_1_72' title='bbox 267 2157 430 2233; x_wconf 81' lang='lat' dir='ltr'>variatio</span> <span class='ocrx_word' id='word_1_73' title='bbox 470 2151 654 2228; x_wconf 84' lang='lat' dir='ltr'>formulae</span> <span class='ocrx_word' id='word_1_74' title='bbox 682 2132 818 2268; x_wconf 69' lang='lat' dir='ltr'>[de</span> <span class='ocrx_word' id='word_1_75' title='bbox 852 2166 1086 2247; x_wconf 87' lang='lat' dir='ltr'>evanescat,</span> <span class='ocrx_word' id='word_1_76' title='bbox 1135 2127 1456 2254; x_wconf 75' lang='lat' dir='ltr'>quemadmodum</span> <span class='ocrx_word' id='word_1_77' title='bbox 1484 2168 1636 2231; x_wconf 83' lang='lat' dir='ltr'>natura</span> <span class='ocrx_word' id='word_1_78' title='bbox 1668 2153 1829 2230; x_wconf 81' lang='lat' dir='ltr'>marimo·</span> 
     </span>
     <span class='ocr_line' id='line_1_12' title="bbox 267 2279 1831 2386; baseline -0.006 -25"><span class='ocrx_word' id='word_1_79' title='bbox 267 2308 351 2363; x_wconf 88' lang='lat' dir='ltr'>rum</span> <span class='ocrx_word' id='word_1_80' title='bbox 384 2294 424 2359; x_wconf 88' lang='lat' dir='ltr'>et</span> <span class='ocrx_word' id='word_1_81' title='bbox 455 2280 694 2356; x_wconf 90' lang='lat' dir='ltr'>minimorum</span> <span class='ocrx_word' id='word_1_82' title='bbox 728 2279 862 2378; x_wconf 82' lang='lat' dir='ltr'>exigit,</span> <span class='ocrx_word' id='word_1_83' title='bbox 897 2293 986 2356; x_wconf 88' lang='lat' dir='ltr'>ante</span> <span class='ocrx_word' id='word_1_84' title='bbox 1021 2282 1149 2357; x_wconf 88' lang='lat' dir='ltr'>omnia</span> <span class='ocrx_word' id='word_1_85' title='bbox 1182 2284 1342 2381; x_wconf 86' lang='lat' dir='ltr'>requiri,</span> <span class='ocrx_word' id='word_1_86' title='bbox 1385 2298 1427 2358; x_wconf 94' lang='lat' dir='ltr'>ut</span> <span class='ocrx_word' id='word_1_87' title='bbox 1458 2283 1583 2386; x_wconf 84' lang='lat' dir='ltr'>prima</span> <span class='ocrx_word' id='word_1_88' title='bbox 1617 2307 1710 2383; x_wconf 85' lang='lat' dir='ltr'>pars</span> <span class='ocrx_word' id='word_1_89' title='bbox 1738 2282 1831 2383; x_wconf 87' lang='lat' dir='ltr'>siguo</span> 
     </span>
     <span class='ocr_line' id='line_1_13' title="bbox 265 2409 1202 2514; baseline -0.006 -23"><span class='ocrx_word' id='word_1_90' title='bbox 265 2409 440 2514; x_wconf 88' lang='lat' dir='ltr'>integrali</span> <span class='ocrx_word' id='word_1_91' title='bbox 473 2418 656 2486; x_wconf 89' lang='lat' dir='ltr'>contenta</span> <span class='ocrx_word' id='word_1_92' title='bbox 689 2420 925 2500; x_wconf 80' lang='lat' dir='ltr'>evanescat,</span> <span class='ocrx_word' id='word_1_93' title='bbox 971 2433 1018 2483; x_wconf 86' lang='lat' dir='ltr'>ex</span> <span class='ocrx_word' id='word_1_94' title='bbox 1051 2434 1127 2506; x_wconf 91' lang='lat' dir='ltr'>quo</span> <span class='ocrx_word' id='word_1_95' title='bbox 1159 2412 1202 2485; x_wconf 88' lang='lat' dir='ltr'>fit</span> 
     </span>
    </p>
   </div>
   <div class='ocr_carea' id='block_1_7' title="bbox 141 2564 1885 4709">
    <p class='ocr_par' dir='ltr' id='par_1_7' title="bbox 141 2564 1885 4709">
     <span class='ocr_line' id='line_1_14' title="bbox 489 2564 1678 2723; baseline 0.003 -43"><span class='ocrx_word' id='word_1_96' title='bbox 489 2564 1678 2723; x_wconf 42' lang='lat' dir='ltr'>N-}÷ffi-ss÷ffi—mzo</span> 
     </span>
     <span class='ocr_line' id='line_1_15' title="bbox 266 2816 1834 2920; baseline -0.006 -21"><span class='ocrx_word' id='word_1_97' title='bbox 266 2828 470 2900; x_wconf 90' lang='lat' dir='ltr'>Praeterea</span> <span class='ocrx_word' id='word_1_98' title='bbox 510 2840 602 2892; x_wconf 89' lang='lat' dir='ltr'>vero</span> <span class='ocrx_word' id='word_1_99' title='bbox 651 2817 766 2893; x_wconf 88' lang='lat' dir='ltr'>etiam</span> <span class='ocrx_word' id='word_1_100' title='bbox 807 2832 938 2917; x_wconf 90' lang='lat' dir='ltr'>partes</span> <span class='ocrx_word' id='word_1_101' title='bbox 982 2817 1179 2896; x_wconf 86' lang='lat' dir='ltr'>absolutas</span> <span class='ocrx_word' id='word_1_102' title='bbox 1224 2820 1341 2896; x_wconf 88' lang='lat' dir='ltr'>nihilo</span> <span class='ocrx_word' id='word_1_103' title='bbox 1384 2821 1541 2920; x_wconf 87' lang='lat' dir='ltr'>aequari</span> <span class='ocrx_word' id='word_1_104' title='bbox 1583 2830 1764 2918; x_wconf 87' lang='lat' dir='ltr'>oportet,</span> <span class='ocrx_word' id='word_1_105' title='bbox 1803 2816 1834 2890; x_wconf 92' lang='lat' dir='ltr'>in</span> 
     </span>
     <span class='ocr_line' id='line_1_16' title="bbox 149 2942 1836 3051; baseline -0.002 -28"><span class='ocrx_word' id='word_1_106' title='bbox 149 2943 199 3000; x_wconf 34' lang='grc' dir='ltr'>κ’</span> <span class='ocrx_word' id='word_1_107' title='bbox 266 2975 340 3051; x_wconf 91' lang='lat' dir='ltr'>quo</span> <span class='ocrx_word' id='word_1_108' title='bbox 380 2942 594 3046; x_wconf 85' lang='lat' dir='ltr'>&#39;applicatio</span> <span class='ocrx_word' id='word_1_109' title='bbox 650 2946 699 3023; x_wconf 91' lang='lat' dir='ltr'>ad</span> <span class='ocrx_word' id='word_1_110' title='bbox 750 2964 952 3043; x_wconf 89' lang='lat' dir='ltr'>utrumque</span> <span class='ocrx_word' id='word_1_111' title='bbox 1011 2970 1152 3021; x_wconf 87' lang='lat' dir='ltr'>curvae</span> <span class='ocrx_word' id='word_1_112' title='bbox 1200 2949 1404 3023; x_wconf 89' lang='lat' dir='ltr'>terminum</span> <span class='ocrx_word' id='word_1_113' title='bbox 1454 2949 1694 3026; x_wconf 89' lang='lat' dir='ltr'>continetur.</span> <span class='ocrx_word' id='word_1_114' title='bbox 1758 2945 1836 3045; x_wconf 83' lang='lat' dir='ltr'>lpsa</span> 
     </span>
     <span class='ocr_line' id='line_1_17' title="bbox 267 3064 1847 3176; baseline -0.005 -22"><span class='ocrx_word' id='word_1_115' title='bbox 267 3077 367 3154; x_wconf 89' lang='lat' dir='ltr'>enim</span> <span class='ocrx_word' id='word_1_116' title='bbox 406 3095 547 3148; x_wconf 90' lang='lat' dir='ltr'>curvae</span> <span class='ocrx_word' id='word_1_117' title='bbox 588 3088 727 3151; x_wconf 89' lang='lat' dir='ltr'>natura</span> <span class='ocrx_word' id='word_1_118' title='bbox 767 3100 839 3176; x_wconf 90' lang='lat' dir='ltr'>per</span> <span class='ocrx_word' id='word_1_119' title='bbox 880 3072 981 3146; x_wconf 89' lang='lat' dir='ltr'>illam</span> <span class='ocrx_word' id='word_1_120' title='bbox 1024 3072 1291 3170; x_wconf 88' lang='lat' dir='ltr'>aequationem</span> <span class='ocrx_word' id='word_1_121' title='bbox 1332 3075 1581 3176; x_wconf 81' lang='lat' dir='ltr'>exprimitur,</span> <span class='ocrx_word' id='word_1_122' title='bbox 1630 3064 1847 3169; x_wconf 75' lang='lat' dir='ltr'>quaecum</span> 
     </span>
     <span class='ocr_line' id='line_1_18' title="bbox 266 3198 1885 3302; baseline -0.004 -22"><span class='ocrx_word' id='word_1_123' title='bbox 266 3207 314 3280; x_wconf 92' lang='lat' dir='ltr'>ob</span> <span class='ocrx_word' id='word_1_124' title='bbox 341 3198 609 3277; x_wconf 85' lang='lat' dir='ltr'>differentialia</span> <span class='ocrx_word' id='word_1_125' title='bbox 645 3201 786 3278; x_wconf 89' lang='lat' dir='ltr'>altioris</span> <span class='ocrx_word' id='word_1_126' title='bbox 821 3200 963 3302; x_wconf 90' lang='lat' dir='ltr'>gradus</span> <span class='ocrx_word' id='word_1_127' title='bbox 999 3199 1156 3275; x_wconf 89' lang='lat' dir='ltr'>totidem</span> <span class='ocrx_word' id='word_1_128' title='bbox 1188 3202 1463 3302; x_wconf 83' lang='lat' dir='ltr'>integrationes</span> <span class='ocrx_word' id='word_1_129' title='bbox 1497 3202 1730 3297; x_wconf 87' lang='lat' dir='ltr'>totidemque</span> <span class='ocrx_word' id='word_1_130' title='bbox 1754 3205 1840 3275; x_wconf 83' lang='lat' dir='ltr'>con·</span> <span class='ocrx_word' id='word_1_131' title='bbox 1880 3219 1885 3231; x_wconf 86' lang='grc'>’</span> 
     </span>
     <span class='ocr_line' id='line_1_19' title="bbox 266 3325 1844 3419; baseline -0.004 -7"><span class='ocrx_word' id='word_1_132' title='bbox 266 3344 412 3412; x_wconf 85' lang='lat' dir='ltr'>stantes</span> <span class='ocrx_word' id='word_1_133' title='bbox 447 3325 670 3405; x_wconf 85' lang='lat' dir='ltr'>arbitrarius</span> <span class='ocrx_word' id='word_1_134' title='bbox 708 3346 906 3419; x_wconf 85' lang='lat' dir='ltr'>assumat,</span> <span class='ocrx_word' id='word_1_135' title='bbox 957 3329 1092 3401; x_wconf 88' lang='lat' dir='ltr'>harum</span> <span class='ocrx_word' id='word_1_136' title='bbox 1136 3328 1387 3405; x_wconf 89' lang='lat' dir='ltr'>constantium</span> <span class='ocrx_word' id='word_1_137' title='bbox 1422 3326 1731 3406; x_wconf 88' lang='lat' dir='ltr'>determinationi</span> <span class='ocrx_word' id='word_1_138' title='bbox 1762 3325 1844 3405; x_wconf 85' lang='lat' dir='ltr'>illae</span> 
     </span>
     <span class='ocr_line' id='line_1_20' title="bbox 268 3453 1846 3560; baseline -0.002 -28"><span class='ocrx_word' id='word_1_139' title='bbox 268 3471 400 3560; x_wconf 86' lang='lat' dir='ltr'>partes</span> <span class='ocrx_word' id='word_1_140' title='bbox 435 3455 633 3532; x_wconf 90' lang='lat' dir='ltr'>absolutae</span> <span class='ocrx_word' id='word_1_141' title='bbox 666 3455 903 3548; x_wconf 88' lang='lat' dir='ltr'>inserviunt,</span> <span class='ocrx_word' id='word_1_142' title='bbox 945 3473 987 3530; x_wconf 92' lang='lat' dir='ltr'>ut</span> <span class='ocrx_word' id='word_1_143' title='bbox 1019 3468 1098 3530; x_wconf 89' lang='lat' dir='ltr'>tam</span> <span class='ocrx_word' id='word_1_144' title='bbox 1132 3454 1170 3529; x_wconf 89' lang='lat' dir='ltr'>in</span> <span class='ocrx_word' id='word_1_145' title='bbox 1204 3455 1309 3531; x_wconf 88' lang='lat' dir='ltr'>initio</span> <span class='ocrx_word' id='word_1_146' title='bbox 1344 3482 1458 3556; x_wconf 89' lang='lat' dir='ltr'>quam</span> <span class='ocrx_word' id='word_1_147' title='bbox 1495 3457 1533 3532; x_wconf 89' lang='lat' dir='ltr'>in</span> <span class='ocrx_word' id='word_1_148' title='bbox 1567 3458 1642 3532; x_wconf 88' lang='lat' dir='ltr'>fine</span> <span class='ocrx_word' id='word_1_149' title='bbox 1678 3453 1846 3552; x_wconf 86' lang='lat' dir='ltr'>quaesita</span> 
     </span>
     <span class='ocr_line' id='line_1_21' title="bbox 267 3580 1848 3681; baseline 0 -21"><span class='ocrx_word' id='word_1_150' title='bbox 267 3608 389 3662; x_wconf 90' lang='lat' dir='ltr'>curva</span> <span class='ocrx_word' id='word_1_151' title='bbox 423 3580 537 3658; x_wconf 91' lang='lat' dir='ltr'>certis</span> <span class='ocrx_word' id='word_1_152' title='bbox 572 3582 848 3659; x_wconf 89' lang='lat' dir='ltr'>conditionibus</span> <span class='ocrx_word' id='word_1_153' title='bbox 882 3583 1137 3681; x_wconf 87' lang='lat' dir='ltr'>respondeat,</span> <span class='ocrx_word' id='word_1_154' title='bbox 1178 3583 1294 3659; x_wconf 88' lang='lat' dir='ltr'>veluti</span> <span class='ocrx_word' id='word_1_155' title='bbox 1327 3585 1375 3659; x_wconf 88' lang='lat' dir='ltr'>ad</span> <span class='ocrx_word' id='word_1_156' title='bbox 1410 3586 1520 3661; x_wconf 88' lang='lat' dir='ltr'>datas</span> <span class='ocrx_word' id='word_1_157' title='bbox 1555 3583 1676 3659; x_wconf 87' lang='lat' dir='ltr'>lineas</span> <span class='ocrx_word' id='word_1_158' title='bbox 1710 3604 1848 3660; x_wconf 75' lang='lat' dir='ltr'>curvat</span> 
     </span>
     <span class='ocr_line' id='line_1_22' title="bbox 268 3708 1850 3806; baseline -0.002 -19"><span class='ocrx_word' id='word_1_159' title='bbox 268 3709 504 3787; x_wconf 84' lang='lat' dir='ltr'>terminetur.</span> <span class='ocrx_word' id='word_1_160' title='bbox 571 3712 625 3785; x_wconf 84' lang='lat' dir='ltr'>Ac</span> <span class='ocrx_word' id='word_1_161' title='bbox 666 3711 697 3784; x_wconf 92' lang='lat' dir='ltr'>si</span> <span class='ocrx_word' id='word_1_162' title='bbox 740 3709 916 3806; x_wconf 89' lang='lat' dir='ltr'>aequatio</span> <span class='ocrx_word' id='word_1_163' title='bbox 966 3709 1030 3784; x_wconf 92' lang='lat' dir='ltr'>illa</span> <span class='ocrx_word' id='word_1_164' title='bbox 1071 3710 1187 3784; x_wconf 87' lang='lat' dir='ltr'>fuerit</span> <span class='ocrx_word' id='word_1_165' title='bbox 1227 3710 1489 3787; x_wconf 83' lang='lat' dir='ltr'>differentialis</span> <span class='ocrx_word' id='word_1_166' title='bbox 1538 3708 1683 3787; x_wconf 86' lang='lat' dir='ltr'>ordinis</span> <span class='ocrx_word' id='word_1_167' title='bbox 1726 3708 1850 3806; x_wconf 87' lang='lat' dir='ltr'>quarti</span> 
     </span>
     <span class='ocr_line' id='line_1_23' title="bbox 267 3834 1853 3937; baseline 0.001 -25"><span class='ocrx_word' id='word_1_168' title='bbox 267 3839 328 3915; x_wconf 92' lang='lat' dir='ltr'>vel</span> <span class='ocrx_word' id='word_1_169' title='bbox 370 3834 467 3910; x_wconf 92' lang='lat' dir='ltr'>adeo</span> <span class='ocrx_word' id='word_1_170' title='bbox 510 3834 681 3930; x_wconf 89' lang='lat' dir='ltr'>altioris,</span> <span class='ocrx_word' id='word_1_171' title='bbox 730 3836 896 3932; x_wconf 89' lang='lat' dir='ltr'>partium</span> <span class='ocrx_word' id='word_1_172' title='bbox 937 3860 1089 3934; x_wconf 90' lang='lat' dir='ltr'>quoque</span> <span class='ocrx_word' id='word_1_173' title='bbox 1132 3838 1393 3914; x_wconf 90' lang='lat' dir='ltr'>absolutarum</span> <span class='ocrx_word' id='word_1_174' title='bbox 1442 3861 1624 3915; x_wconf 88' lang='lat' dir='ltr'>numerus</span> <span class='ocrx_word' id='word_1_175' title='bbox 1668 3849 1853 3937; x_wconf 86' lang='lat' dir='ltr'>augetur,</span> 
     </span>
     <span class='ocr_line' id='line_1_24' title="bbox 268 3961 1854 4063; baseline 0.002 -22"><span class='ocrx_word' id='word_1_176' title='bbox 268 3965 404 4063; x_wconf 90' lang='lat' dir='ltr'>quibus</span> <span class='ocrx_word' id='word_1_177' title='bbox 438 3961 538 4038; x_wconf 86' lang='lat' dir='ltr'>effici</span> <span class='ocrx_word' id='word_1_178' title='bbox 570 3976 714 4061; x_wconf 89' lang='lat' dir='ltr'>potest,</span> <span class='ocrx_word' id='word_1_179' title='bbox 748 3985 789 4039; x_wconf 89' lang='lat' dir='ltr'>ut</span> <span class='ocrx_word' id='word_1_180' title='bbox 822 3964 941 4039; x_wconf 80' lang='lat' dir='ltr'>curva</span> <span class='ocrx_word' id='word_1_181' title='bbox 974 3964 1148 4062; x_wconf 84' lang='lat' dir='ltr'>quaesita</span> <span class='ocrx_word' id='word_1_182' title='bbox 1181 3988 1258 4040; x_wconf 90' lang='lat' dir='ltr'>non</span> <span class='ocrx_word' id='word_1_183' title='bbox 1290 3967 1409 4041; x_wconf 88' lang='lat' dir='ltr'>solum</span> <span class='ocrx_word' id='word_1_184' title='bbox 1444 3965 1622 4063; x_wconf 90' lang='lat' dir='ltr'>utrinque</span> <span class='ocrx_word' id='word_1_185' title='bbox 1656 3965 1707 4042; x_wconf 86' lang='lat' dir='ltr'>ad</span> <span class='ocrx_word' id='word_1_186' title='bbox 1741 3965 1854 4044; x_wconf 71' lang='lat' dir='ltr'>datas</span> 
     </span>
     <span class='ocr_line' id='line_1_25' title="bbox 267 4075 1857 4191; baseline 0.003 -25"><span class='ocrx_word' id='word_1_187' title='bbox 267 4095 387 4168; x_wconf 88' lang='lat' dir='ltr'>lineas</span> <span class='ocrx_word' id='word_1_188' title='bbox 420 4088 670 4182; x_wconf 88' lang='lat' dir='ltr'>terminetur,</span> <span class='ocrx_word' id='word_1_189' title='bbox 714 4075 783 4166; x_wconf 86' lang='lat' dir='ltr'>sed</span> <span class='ocrx_word' id='word_1_190' title='bbox 816 4089 953 4168; x_wconf 90' lang='lat' dir='ltr'>ibidem</span> <span class='ocrx_word' id='word_1_191' title='bbox 987 4117 1138 4191; x_wconf 89' lang='lat' dir='ltr'>quoque</span> <span class='ocrx_word' id='word_1_192' title='bbox 1172 4107 1280 4168; x_wconf 89' lang='lat' dir='ltr'>certa</span> <span class='ocrx_word' id='word_1_193' title='bbox 1313 4092 1506 4185; x_wconf 88' lang='lat' dir='ltr'>directio,</span> <span class='ocrx_word' id='word_1_194' title='bbox 1543 4089 1635 4191; x_wconf 91' lang='lat' dir='ltr'>quin</span> <span class='ocrx_word' id='word_1_195' title='bbox 1669 4091 1793 4167; x_wconf 88' lang='lat' dir='ltr'>etiarn</span> <span class='ocrx_word' id='word_1_196' title='bbox 1826 4090 1857 4170; x_wconf 81' lang='lat' dir='ltr'>si</span> 
     </span>
     <span class='ocr_line' id='line_1_26' title="bbox 268 4215 1859 4319; baseline 0 -28"><span class='ocrx_word' id='word_1_197' title='bbox 268 4223 315 4293; x_wconf 86' lang='lat' dir='ltr'>ad</span> <span class='ocrx_word' id='word_1_198' title='bbox 357 4217 492 4295; x_wconf 89' lang='lat' dir='ltr'>altiora</span> <span class='ocrx_word' id='word_1_199' title='bbox 532 4215 796 4295; x_wconf 87' lang='lat' dir='ltr'>differentialia</span> <span class='ocrx_word' id='word_1_200' title='bbox 841 4233 1050 4319; x_wconf 85' lang='lat' dir='ltr'>assurgat,</span> <span class='ocrx_word' id='word_1_201' title='bbox 1101 4230 1210 4294; x_wconf 88' lang='lat' dir='ltr'>certa</span> <span class='ocrx_word' id='word_1_202' title='bbox 1258 4217 1489 4296; x_wconf 84' lang='lat' dir='ltr'>curvaminis</span> <span class='ocrx_word' id='word_1_203' title='bbox 1535 4219 1596 4294; x_wconf 85' lang='lat' dir='ltr'>lex</span> <span class='ocrx_word' id='word_1_204' title='bbox 1634 4218 1859 4319; x_wconf 87' lang='lat' dir='ltr'>praescribi</span> 
     </span>
     <span class='ocr_line' id='line_1_27' title="bbox 267 4343 1862 4450; baseline 0.001 -29"><span class='ocrx_word' id='word_1_205' title='bbox 267 4358 403 4437; x_wconf 87' lang='lat' dir='ltr'>queat.</span> <span class='ocrx_word' id='word_1_206' title='bbox 471 4343 631 4445; x_wconf 86' lang='lat' dir='ltr'>Semper</span> <span class='ocrx_word' id='word_1_207' title='bbox 671 4355 799 4420; x_wconf 86' lang='lat' dir='ltr'>autem</span> <span class='ocrx_word' id='word_1_208' title='bbox 841 4344 1139 4445; x_wconf 88' lang='lat' dir='ltr'>applicationem</span> <span class='ocrx_word' id='word_1_209' title='bbox 1179 4346 1357 4424; x_wconf 80' lang='lat' dir='ltr'>faciendo</span> <span class='ocrx_word' id='word_1_210' title='bbox 1397 4345 1653 4450; x_wconf 90' lang='lat' dir='ltr'>pulcherrime</span> <span class='ocrx_word' id='word_1_211' title='bbox 1696 4347 1862 4443; x_wconf 67' lang='lat' dir='ltr'>evenire</span> 
     </span>
     <span class='ocr_line' id='line_1_28' title="bbox 267 4456 1863 4582; baseline 0.005 -34"><span class='ocrx_word' id='word_1_212' title='bbox 267 4475 391 4557; x_wconf 87' lang='lat' dir='ltr'>solet,</span> <span class='ocrx_word' id='word_1_213' title='bbox 437 4480 479 4544; x_wconf 92' lang='lat' dir='ltr'>ut</span> <span class='ocrx_word' id='word_1_214' title='bbox 519 4472 604 4570; x_wconf 90' lang='lat' dir='ltr'>ipsa</span> <span class='ocrx_word' id='word_1_215' title='bbox 644 4470 907 4572; x_wconf 87' lang='lat' dir='ltr'>quaestionum</span> <span class='ocrx_word' id='word_1_216' title='bbox 950 4471 1097 4549; x_wconf 89' lang='lat' dir='ltr'>indoles</span> <span class='ocrx_word' id='word_1_217' title='bbox 1141 4458 1324 4574; x_wconf 85' lang='lat' dir='ltr'>ejusmodi</span> <span class='ocrx_word' id='word_1_218' title='bbox 1372 4471 1611 4552; x_wconf 83' lang='lat' dir='ltr'>conditiones</span> <span class='ocrx_word' id='word_1_219' title='bbox 1659 4456 1863 4582; x_wconf 72' lang='lat' dir='ltr'>involvat,</span> 
     </span>
     <span class='ocr_line' id='line_1_29' title="bbox 141 4597 1621 4709; baseline 0.002 -37"><span class='ocrx_word' id='word_1_220' title='bbox 141 4684 146 4689; x_wconf 49' lang='grc'><strong>,</strong></span> <span class='ocrx_word' id='word_1_221' title='bbox 268 4599 403 4697; x_wconf 88' lang='lat' dir='ltr'>quibus</span> <span class='ocrx_word' id='word_1_222' title='bbox 435 4619 507 4697; x_wconf 91' lang='lat' dir='ltr'>per</span> <span class='ocrx_word' id='word_1_223' title='bbox 540 4611 670 4698; x_wconf 86' lang='lat' dir='ltr'>partes</span> <span class='ocrx_word' id='word_1_224' title='bbox 705 4597 899 4676; x_wconf 85' lang='lat' dir='ltr'>absolutus</span> <span class='ocrx_word' id='word_1_225' title='bbox 935 4598 1244 4677; x_wconf 87' lang='lat' dir='ltr'>commodissime</span> <span class='ocrx_word' id='word_1_226' title='bbox 1277 4599 1454 4681; x_wconf 80' lang='lat' dir='ltr'>satisfieri</span> <span class='ocrx_word' id='word_1_227' title='bbox 1479 4598 1621 4709; x_wconf 70' lang='lat' dir='ltr'>porat.</span> 
     </span>
    </p>
   </div>
   <div class='ocr_carea' id='block_1_8' title="bbox 0 0 2136 5686">
    <p class='ocr_par' dir='ltr' id='par_1_8' title="bbox 0 0 2136 5686">
     <span class='ocr_line' id='line_1_30' title="bbox 0 0 2136 5686; baseline 0 0"><span class='ocrx_word' id='word_1_228' title='bbox 0 0 2136 5686; x_wconf 95' lang='lat' dir='ltr'> </span> 
     </span>
    </p>
   </div>
  </div>
 </body>
</html>
