<?xml version="1.0" encoding="UTF-8"?>
<!DOCTYPE html PUBLIC "-//W3C//DTD XHTML 1.0 Transitional//EN"
    "http://www.w3.org/TR/xhtml1/DTD/xhtml1-transitional.dtd">
<html xmlns="http://www.w3.org/1999/xhtml" xml:lang="en" lang="en">
 <head>
  <title>
</title>
<meta http-equiv="Content-Type" content="text/html;charset=utf-8" />
  <meta name='ocr-system' content='tesseract 3.04.00' />
  <meta name='ocr-capabilities' content='ocr_page ocr_carea ocr_par ocr_line ocrx_word'/>
</head>
<body>
  <div class='ocr_page' id='page_1' title='image "./leonhardieuleri02eulegoog_0467.png"; bbox 0 0 4260 5686; ppageno 0'>
   <div class='ocr_carea' id='block_1_1' title="bbox 879 322 1792 477">
    <p class='ocr_par' dir='ltr' id='par_1_1' title="bbox 879 322 1792 477">
     <span class='ocr_line' id='line_1_1' title="bbox 879 322 1792 477; baseline 0.002 -16"><span class='ocrx_word' id='word_1_1' title='bbox 879 382 1102 461; x_wconf 81' lang='lat' dir='ltr'><strong>carur</strong></span> <span class='ocrx_word' id='word_1_2' title='bbox 1167 322 1249 467; x_wconf 74' lang='lat' dir='ltr'><strong>vu⁸</strong></span> <span class='ocrx_word' id='word_1_3' title='bbox 1526 449 1530 455; x_wconf 90' lang='grc'><strong>.</strong></span> <span class='ocrx_word' id='word_1_4' title='bbox 1704 395 1792 477; x_wconf 67' lang='lat' dir='ltr'><strong>aar</strong></span> 
     </span>
    </p>
   </div>
   <div class='ocr_carea' id='block_1_2' title="bbox 172 570 1933 2588">
    <p class='ocr_par' dir='ltr' id='par_1_2' title="bbox 172 570 1933 2588">
     <span class='ocr_line' id='line_1_2' title="bbox 269 570 1859 681; baseline 0.004 -30"><span class='ocrx_word' id='word_1_5' title='bbox 269 599 384 675; x_wconf 88' lang='lat' dir='ltr'><strong>quam</strong></span> <span class='ocrx_word' id='word_1_6' title='bbox 417 575 535 673; x_wconf 89' lang='lat' dir='ltr'><strong>ipsius</strong></span> <span class='ocrx_word' id='word_1_7' title='bbox 568 600 597 675; x_wconf 80' lang='lat' dir='ltr'><strong><em>y</em></strong></span> <span class='ocrx_word' id='word_1_8' title='bbox 628 576 838 654; x_wconf 87' lang='lat' dir='ltr'><strong>relatorum</strong></span> <span class='ocrx_word' id='word_1_9' title='bbox 870 570 1094 670; x_wconf 85' lang='lat' dir='ltr'><strong>involvunt,</strong></span> <span class='ocrx_word' id='word_1_10' title='bbox 1139 576 1301 679; x_wconf 88' lang='lat' dir='ltr'><strong>ideoque</strong></span> <span class='ocrx_word' id='word_1_11' title='bbox 1335 577 1524 681; x_wconf 86' lang='lat' dir='ltr'>duplicem</span> <span class='ocrx_word' id='word_1_12' title='bbox 1564 579 1859 680; x_wconf 83' lang='lat' dir='ltr'>integrationem</span> 
     </span>
     <span class='ocr_line' id='line_1_3' title="bbox 271 696 1858 806; baseline 0.003 -27"><span class='ocrx_word' id='word_1_13' title='bbox 271 696 442 781; x_wconf 85' lang='lat' dir='ltr'><strong>alteram&#39;</strong></span> <span class='ocrx_word' id='word_1_14' title='bbox 472 726 544 803; x_wconf 89' lang='lat' dir='ltr'><strong>per</strong></span> <span class='ocrx_word' id='word_1_15' title='bbox 587 727 721 781; x_wconf 86' lang='lat' dir='ltr'><strong>omnes</strong></span> <span class='ocrx_word' id='word_1_16' title='bbox 759 701 916 782; x_wconf 70' lang='lat' dir='ltr'><strong>valoris</strong></span> <span class='ocrx_word' id='word_1_17' title='bbox 953 703 1070 805; x_wconf 90' lang='lat' dir='ltr'><strong>ipsius</strong></span> <span class='ocrx_word' id='word_1_18' title='bbox 1104 730 1164 796; x_wconf 71' lang='lat' dir='ltr'><strong>tc,</strong></span> <span class='ocrx_word' id='word_1_19' title='bbox 1215 704 1378 782; x_wconf 86' lang='lat' dir='ltr'><strong>alteram</strong></span> <span class='ocrx_word' id='word_1_20' title='bbox 1415 730 1511 783; x_wconf 90' lang='lat' dir='ltr'><strong>vero</strong></span> <span class='ocrx_word' id='word_1_21' title='bbox 1552 705 1671 806; x_wconf 85' lang='lat' dir='ltr'><strong>ipsius</strong></span> <span class='ocrx_word' id='word_1_22' title='bbox 1703 724 1744 805; x_wconf 74' lang='lat' dir='ltr'><strong>&#39;y</strong></span> <span class='ocrx_word' id='word_1_23' title='bbox 1782 710 1858 784; x_wconf 85' lang='lat' dir='ltr'><strong>ele·</strong></span> 
     </span>
     <span class='ocr_line' id='line_1_4' title="bbox 268 817 1863 935; baseline 0.002 -29"><span class='ocrx_word' id='word_1_24' title='bbox 268 817 399 906; x_wconf 89' lang='lat' dir='ltr'><strong>menta</strong></span> <span class='ocrx_word' id='word_1_25' title='bbox 438 843 744 932; x_wconf 73' lang='lat' dir='ltr'><strong>congregantem</strong></span> <span class='ocrx_word' id='word_1_26' title='bbox 783 832 1001 930; x_wconf 83' lang='lat' dir='ltr'><strong>requirunt.</strong></span> <span class='ocrx_word' id='word_1_27' title='bbox 1067 831 1126 907; x_wconf 80' lang='lat' dir='ltr'><strong>Ex</strong></span> <span class='ocrx_word' id='word_1_28' title='bbox 1169 855 1246 932; x_wconf 91' lang='lat' dir='ltr'><strong>quo</strong></span> <span class='ocrx_word' id='word_1_29' title='bbox 1295 831 1509 935; x_wconf 88' lang='lat' dir='ltr'><strong>hujusmodi</strong></span> <span class='ocrx_word' id='word_1_30' title='bbox 1550 832 1754 934; x_wconf 84' lang='lat' dir='ltr'><strong>integralis</strong></span> <span class='ocrx_word' id='word_1_31' title='bbox 1794 835 1863 912; x_wconf 84' lang='lat' dir='ltr'><strong>tali</strong></span> 
     </span>
     <span class='ocr_line' id='line_1_5' title="bbox 270 951 1895 1061; baseline 0.002 -28"><span class='ocrx_word' id='word_1_32' title='bbox 270 962 395 1035; x_wconf 83' lang='lat' dir='ltr'><strong>forma</strong></span> <span class='ocrx_word' id='word_1_33' title='bbox 419 960 485 1056; x_wconf 91' lang='lat' dir='ltr'><strong>ss</strong></span> <span class='ocrx_word' id='word_1_34' title='bbox 488 951 642 1057; x_wconf 65' lang='lat' dir='ltr'><strong>deby</strong></span> <span class='ocrx_word' id='word_1_35' title='bbox 674 959 861 1036; x_wconf 84' lang='lat' dir='ltr'>contineri</span> <span class='ocrx_word' id='word_1_36' title='bbox 895 961 1056 1053; x_wconf 88' lang='lat' dir='ltr'><strong>debent,</strong></span> <span class='ocrx_word' id='word_1_37' title='bbox 1105 984 1182 1059; x_wconf 90' lang='lat' dir='ltr'><strong>qua</strong></span> <span class='ocrx_word' id='word_1_38' title='bbox 1215 956 1360 1039; x_wconf 85' lang='lat' dir='ltr'><strong>scilicet</strong></span> <span class='ocrx_word' id='word_1_39' title='bbox 1393 963 1533 1061; x_wconf 87' lang='lat' dir='ltr'>duplex</span> <span class='ocrx_word' id='word_1_40' title='bbox 1566 960 1769 1061; x_wconf 84' lang='lat' dir='ltr'>integratio</span> <span class='ocrx_word' id='word_1_41' title='bbox 1802 962 1858 1037; x_wconf 87' lang='lat' dir='ltr'><strong>in·</strong></span> <span class='ocrx_word' id='word_1_42' title='bbox 1892 1053 1895 1061; x_wconf 89' lang='lat'><em>.</em></span> 
     </span>
     <span class='ocr_line' id='line_1_6' title="bbox 269 1081 1859 1189; baseline 0.001 -28"><span class='ocrx_word' id='word_1_43' title='bbox 269 1099 440 1178; x_wconf 90' lang='lat' dir='ltr'><strong>nuatur;</strong></span> <span class='ocrx_word' id='word_1_44' title='bbox 490 1087 596 1186; x_wconf 86' lang='lat' dir='ltr'><strong>cujus</strong></span> <span class='ocrx_word' id='word_1_45' title='bbox 630 1087 794 1164; x_wconf 79' lang='lat' dir='ltr'>evolutio</span> <span class='ocrx_word' id='word_1_46' title='bbox 826 1086 881 1163; x_wconf 88' lang='lat' dir='ltr'><strong>ita</strong></span> <span class='ocrx_word' id='word_1_47' title='bbox 913 1086 1057 1166; x_wconf 83' lang='lat' dir='ltr'><strong>institui</strong></span> <span class='ocrx_word' id='word_1_48' title='bbox 1091 1088 1191 1165; x_wconf 89' lang='lat' dir='ltr'><strong>solet</strong></span> <span class='ocrx_word' id='word_1_49' title='bbox 1208 1147 1230 1181; x_wconf 11' lang='lat' dir='ltr'><strong>,A</strong></span> <span class='ocrx_word' id='word_1_50' title='bbox 1268 1099 1312 1165; x_wconf 88' lang='lat' dir='ltr'><strong>ut</strong></span> <span class='ocrx_word' id='word_1_51' title='bbox 1352 1081 1479 1189; x_wconf 84' lang='lat' dir='ltr'><strong>primo</strong></span> <span class='ocrx_word' id='word_1_52' title='bbox 1514 1085 1635 1163; x_wconf 90' lang='lat' dir='ltr'><strong>altera</strong></span> <span class='ocrx_word' id='word_1_53' title='bbox 1667 1087 1859 1164; x_wconf 86' lang='lat' dir='ltr'><strong>variabilis</strong></span> 
     </span>
     <span class='ocr_line' id='line_1_7' title="bbox 268 1209 1860 1316; baseline 0.002 -29"><span class='ocrx_word' id='word_1_54' title='bbox 268 1236 297 1312; x_wconf 73' lang='lat' dir='ltr'><strong><em>y</em></strong></span> <span class='ocrx_word' id='word_1_55' title='bbox 329 1233 370 1288; x_wconf 90' lang='lat' dir='ltr'><strong>ut</strong></span> <span class='ocrx_word' id='word_1_56' title='bbox 403 1225 586 1295; x_wconf 81' lang='lat' dir='ltr'><strong>constans</strong></span> <span class='ocrx_word' id='word_1_57' title='bbox 620 1225 840 1314; x_wconf 76' lang='lat' dir='ltr'><strong>spectetur,</strong></span> <span class='ocrx_word' id='word_1_58' title='bbox 884 1229 923 1294; x_wconf 86' lang='lat' dir='ltr'><strong>et</strong></span> <span class='ocrx_word' id='word_1_59' title='bbox 955 1213 1145 1314; x_wconf 82' lang='lat' dir='ltr'><strong>formulae</strong></span> <span class='ocrx_word' id='word_1_60' title='bbox 1169 1209 1306 1314; x_wconf 69' lang='lat' dir='ltr'><strong>silbae</strong></span> <span class='ocrx_word' id='word_1_61' title='bbox 1337 1216 1450 1294; x_wconf 86' lang='lat' dir='ltr'><strong>valor</strong></span> <span class='ocrx_word' id='word_1_62' title='bbox 1481 1239 1553 1316; x_wconf 90' lang='lat' dir='ltr'><strong>per</strong></span> <span class='ocrx_word' id='word_1_63' title='bbox 1588 1215 1768 1290; x_wconf 86' lang='lat' dir='ltr'><strong>terminos</strong></span> <span class='ocrx_word' id='word_1_64' title='bbox 1802 1213 1860 1290; x_wconf 88' lang='lat' dir='ltr'><strong>in·</strong></span> 
     </span>
     <span class='ocr_line' id='line_1_8' title="bbox 269 1340 1933 1445; baseline -0.003 -26"><span class='ocrx_word' id='word_1_65' title='bbox 269 1340 496 1442; x_wconf 89' lang='lat' dir='ltr'><strong>tegrationis</strong></span> <span class='ocrx_word' id='word_1_66' title='bbox 538 1352 716 1419; x_wconf 81' lang='lat' dir='ltr'><strong>extensus</strong></span> <span class='ocrx_word' id='word_1_67' title='bbox 757 1359 998 1441; x_wconf 82' lang='lat' dir='ltr'><strong>quaeratur3</strong></span> <span class='ocrx_word' id='word_1_68' title='bbox 1046 1342 1086 1418; x_wconf 92' lang='lat' dir='ltr'><strong>in</strong></span> <span class='ocrx_word' id='word_1_69' title='bbox 1127 1368 1203 1442; x_wconf 92' lang='lat' dir='ltr'><strong>quo</strong></span> <span class='ocrx_word' id='word_1_70' title='bbox 1238 1367 1325 1420; x_wconf 88' lang='lat' dir='ltr'><strong>cnm</strong></span> <span class='ocrx_word' id='word_1_71' title='bbox 1363 1345 1448 1445; x_wconf 88' lang='lat' dir='ltr'><strong>jam</strong></span> <span class='ocrx_word' id='word_1_72' title='bbox 1480 1368 1512 1418; x_wconf 74' lang='lat' dir='ltr'><strong>a·</strong></span> <span class='ocrx_word' id='word_1_73' title='bbox 1551 1343 1724 1419; x_wconf 82' lang='lat' dir='ltr'><strong>obtinent</strong></span> <span class='ocrx_word' id='word_1_74' title='bbox 1754 1340 1859 1416; x_wconf 85' lang='lat' dir='ltr'><strong>valo·</strong></span> <span class='ocrx_word' id='word_1_75' title='bbox 1932 1434 1933 1438; x_wconf 8' lang='grc' dir='ltr'><strong><em>Ν</em></strong></span> 
     </span>
     <span class='ocr_line' id='line_1_9' title="bbox 268 1461 1859 1573; baseline -0.001 -29"><span class='ocrx_word' id='word_1_76' title='bbox 268 1493 351 1546; x_wconf 90' lang='lat' dir='ltr'><strong>rem</strong></span> <span class='ocrx_word' id='word_1_77' title='bbox 368 1471 445 1544; x_wconf 82' lang='lat' dir='ltr'><strong>vel</strong></span> <span class='ocrx_word' id='word_1_78' title='bbox 472 1469 602 1544; x_wconf 88' lang='lat' dir='ltr'><strong>datum</strong></span> <span class='ocrx_word' id='word_1_79' title='bbox 634 1473 696 1546; x_wconf 87' lang='lat' dir='ltr'><strong>vel</strong></span> <span class='ocrx_word' id='word_1_80' title='bbox 728 1473 780 1546; x_wconf 90' lang='lat' dir='ltr'><strong>ab</strong></span> <span class='ocrx_word' id='word_1_81' title='bbox 810 1495 841 1570; x_wconf 80' lang='lat' dir='ltr'><em>y</em></span> <span class='ocrx_word' id='word_1_82' title='bbox 871 1473 1117 1572; x_wconf 88' lang='lat' dir='ltr'><strong>pendentem,</strong></span> <span class='ocrx_word' id='word_1_83' title='bbox 1149 1472 1222 1549; x_wconf 86' lang='lat' dir='ltr'><strong>hoc</strong></span> <span class='ocrx_word' id='word_1_84' title='bbox 1255 1471 1444 1573; x_wconf 83' lang='lat' dir='ltr'><strong>integrale</strong></span> <span class='ocrx_word' id='word_1_85' title='bbox 1466 1461 1603 1570; x_wconf 69' lang='lat' dir='ltr'><strong>slldae</strong></span> <span class='ocrx_word' id='word_1_86' title='bbox 1627 1470 1668 1545; x_wconf 88' lang='lat' dir='ltr'><strong>in</strong></span> <span class='ocrx_word' id='word_1_87' title='bbox 1700 1467 1859 1543; x_wconf 78' lang='lat' dir='ltr'><strong>functio·</strong></span> 
     </span>
     <span class='ocr_line' id='line_1_10' title="bbox 268 1594 1862 1700; baseline -0.001 -28"><span class='ocrx_word' id='word_1_88' title='bbox 268 1623 358 1674; x_wconf 92' lang='lat' dir='ltr'><strong>nem</strong></span> <span class='ocrx_word' id='word_1_89' title='bbox 390 1596 510 1696; x_wconf 90' lang='lat' dir='ltr'><strong>ipsius</strong></span> <span class='ocrx_word' id='word_1_90' title='bbox 541 1618 570 1694; x_wconf 78' lang='lat' dir='ltr'><em>y</em></span> <span class='ocrx_word' id='word_1_91' title='bbox 602 1609 751 1676; x_wconf 89' lang='lat' dir='ltr'><strong>tantum</strong></span> <span class='ocrx_word' id='word_1_92' title='bbox 784 1599 930 1692; x_wconf 84' lang='lat' dir='ltr'><strong>abibit,</strong></span> <span class='ocrx_word' id='word_1_93' title='bbox 959 1613 1048 1698; x_wconf 69' lang='lat' dir='ltr'><strong>&#39;qua</strong></span> <span class='ocrx_word' id='word_1_94' title='bbox 1079 1597 1118 1674; x_wconf 87' lang='lat' dir='ltr'><strong>iu</strong></span> <span class='ocrx_word' id='word_1_95' title='bbox 1152 1598 1209 1696; x_wconf 65' lang='lat' dir='ltr'><strong>ay</strong></span> <span class='ocrx_word' id='word_1_96' title='bbox 1241 1599 1358 1677; x_wconf 86' lang='lat' dir='ltr'><strong>ducta</strong></span> <span class='ocrx_word' id='word_1_97' title='bbox 1389 1620 1567 1700; x_wconf 89' lang='lat' dir='ltr'><strong>superest</strong></span> <span class='ocrx_word' id='word_1_98' title='bbox 1598 1609 1642 1673; x_wconf 86' lang='lat' dir='ltr'><strong>ut</strong></span> <span class='ocrx_word' id='word_1_99' title='bbox 1672 1594 1862 1696; x_wconf 82' lang='lat' dir='ltr'><strong>integrale</strong></span> 
     </span>
     <span class='ocr_line' id='line_1_11' title="bbox 259 1710 1860 1828; baseline -0.001 -31"><span class='ocrx_word' id='word_1_100' title='bbox 259 1717 515 1823; x_wconf 60' lang='lat' dir='ltr'><strong>saysllhae</strong></span> <span class='ocrx_word' id='word_1_101' title='bbox 555 1724 832 1826; x_wconf 85' lang='lat' dir='ltr'><strong>investigetur,</strong></span> <span class='ocrx_word' id='word_1_102' title='bbox 879 1750 978 1824; x_wconf 88' lang='lat' dir='ltr'><strong>quae</strong></span> <span class='ocrx_word' id='word_1_103' title='bbox 1019 1751 1114 1828; x_wconf 88' lang='lat' dir='ltr'><strong>ergo</strong></span> <span class='ocrx_word' id='word_1_104' title='bbox 1148 1725 1274 1801; x_wconf 83' lang='lat' dir='ltr'><strong>forma</strong></span> <span class='ocrx_word' id='word_1_105' title='bbox 1301 1710 1588 1826; x_wconf 67' lang='lat' dir='ltr'><strong>sbysdlldx</strong></span> <span class='ocrx_word' id='word_1_106' title='bbox 1627 1726 1701 1800; x_wconf 89' lang='lat' dir='ltr'><strong>hoc</strong></span> <span class='ocrx_word' id='word_1_107' title='bbox 1742 1721 1860 1799; x_wconf 89' lang='lat' dir='ltr'><strong>modo</strong></span> 
     </span>
     <span class='ocr_line' id='line_1_12' title="bbox 269 1844 1861 1952; baseline -0.006 -19"><span class='ocrx_word' id='word_1_108' title='bbox 269 1851 433 1929; x_wconf 72' lang='lat' dir='ltr'><strong>uastata</strong></span> <span class='ocrx_word' id='word_1_109' title='bbox 466 1851 517 1925; x_wconf 87' lang='lat' dir='ltr'><strong>illi</strong></span> <span class='ocrx_word' id='word_1_110' title='bbox 541 1844 773 1949; x_wconf 65' lang='lat' dir='ltr'><em>fsdeay</em></span> <span class='ocrx_word' id='word_1_111' title='bbox 812 1853 1058 1952; x_wconf 79' lang='lat' dir='ltr'><strong>aequivalere</strong></span> <span class='ocrx_word' id='word_1_112' title='bbox 1097 1863 1156 1931; x_wconf 85' lang='lat' dir='ltr'><strong>est</strong></span> <span class='ocrx_word' id='word_1_113' title='bbox 1196 1853 1403 1930; x_wconf 87' lang='lat' dir='ltr'><strong>censenda.</strong></span> <span class='ocrx_word' id='word_1_114' title='bbox 1470 1854 1527 1930; x_wconf 85' lang='lat' dir='ltr'><strong>Ac</strong></span> <span class='ocrx_word' id='word_1_115' title='bbox 1569 1850 1601 1929; x_wconf 90' lang='lat' dir='ltr'><strong>si</strong></span> <span class='ocrx_word' id='word_1_116' title='bbox 1636 1848 1771 1926; x_wconf 89' lang='lat' dir='ltr'><strong>ordine</strong></span> <span class='ocrx_word' id='word_1_117' title='bbox 1803 1847 1861 1923; x_wconf 92' lang='lat' dir='ltr'><strong>in-</strong></span> 
     </span>
     <span class='ocr_line' id='line_1_13' title="bbox 274 1973 1863 2079; baseline -0.003 -25"><span class='ocrx_word' id='word_1_118' title='bbox 274 2004 389 2057; x_wconf 90' lang='lat' dir='ltr'><strong>verso</strong></span> <span class='ocrx_word' id='word_1_119' title='bbox 430 1978 556 2078; x_wconf 88' lang='lat' dir='ltr'><strong>primo</strong></span> <span class='ocrx_word' id='word_1_120' title='bbox 599 1977 792 2076; x_wconf 84' lang='lat' dir='ltr'><strong>quantitas</strong></span> <span class='ocrx_word' id='word_1_121' title='bbox 832 2006 864 2054; x_wconf 74' lang='lat' dir='ltr'><strong>a</strong></span> <span class='ocrx_word' id='word_1_122' title='bbox 904 1991 1087 2058; x_wconf 89' lang='lat' dir='ltr'><strong>constans</strong></span> <span class='ocrx_word' id='word_1_123' title='bbox 1126 1973 1365 2078; x_wconf 79' lang='lat' dir='ltr'><strong>accipiatur,</strong></span> <span class='ocrx_word' id='word_1_124' title='bbox 1414 1990 1454 2055; x_wconf 92' lang='lat' dir='ltr'><strong>et</strong></span> <span class='ocrx_word' id='word_1_125' title='bbox 1493 1977 1681 2079; x_wconf 83' lang='lat' dir='ltr'><strong>integrale</strong></span> <span class='ocrx_word' id='word_1_126' title='bbox 1713 1975 1863 2073; x_wconf 64' lang='lat' dir='ltr'><em>svb-y</em></span> 
     </span>
     <span class='ocr_line' id='line_1_14' title="bbox 270 2101 1930 2208; baseline -0.005 -24"><span class='ocrx_word' id='word_1_127' title='bbox 270 2133 343 2208; x_wconf 90' lang='lat' dir='ltr'><strong>per</strong></span> <span class='ocrx_word' id='word_1_128' title='bbox 376 2109 561 2195; x_wconf 84' lang='lat' dir='ltr'><strong>terminos</strong></span> <span class='ocrx_word' id='word_1_129' title='bbox 592 2105 862 2205; x_wconf 88' lang='lat' dir='ltr'><strong>praescriptos</strong></span> <span class='ocrx_word' id='word_1_130' title='bbox 889 2106 1146 2202; x_wconf 78' lang='lat' dir='ltr'><strong>extendatur,</strong></span> <span class='ocrx_word' id='word_1_131' title='bbox 1194 2105 1234 2181; x_wconf 94' lang='lat' dir='ltr'><strong>id</strong></span> <span class='ocrx_word' id='word_1_132' title='bbox 1267 2106 1453 2205; x_wconf 88' lang='lat' dir='ltr'><strong>deinceps</strong></span> <span class='ocrx_word' id='word_1_133' title='bbox 1493 2119 1535 2180; x_wconf 91' lang='lat' dir='ltr'><strong>ut</strong></span> <span class='ocrx_word' id='word_1_134' title='bbox 1567 2102 1709 2178; x_wconf 88' lang='lat' dir='ltr'><strong>functio</strong></span> <span class='ocrx_word' id='word_1_135' title='bbox 1742 2101 1862 2202; x_wconf 88' lang='lat' dir='ltr'><strong>ipsius</strong></span> <span class='ocrx_word' id='word_1_136' title='bbox 1927 2146 1930 2153; x_wconf 35' lang='grc' dir='ltr'><strong><em>ι</em></strong></span> 
     </span>
     <span class='ocr_line' id='line_1_15' title="bbox 270 2211 1879 2339; baseline -0.005 -30"><span class='ocrx_word' id='word_1_137' title='bbox 270 2263 301 2309; x_wconf 80' lang='lat' dir='ltr'><strong>a·</strong></span> <span class='ocrx_word' id='word_1_138' title='bbox 337 2236 505 2339; x_wconf 87' lang='lat' dir='ltr'><strong>spectari</strong></span> <span class='ocrx_word' id='word_1_139' title='bbox 546 2247 585 2309; x_wconf 91' lang='lat' dir='ltr'><strong>et</strong></span> <span class='ocrx_word' id='word_1_140' title='bbox 617 2233 804 2332; x_wconf 87' lang='lat' dir='ltr'><strong>integrale</strong></span> <span class='ocrx_word' id='word_1_141' title='bbox 837 2234 1049 2332; x_wconf 87' lang='lat' dir='ltr'><strong>quaesitum</strong></span> <span class='ocrx_word' id='word_1_142' title='bbox 1074 2228 1320 2337; x_wconf 60' lang='lat' dir='ltr'><strong>sdxsvby„</strong></span> <span class='ocrx_word' id='word_1_143' title='bbox 1344 2224 1506 2311; x_wconf 82' lang='lat' dir='ltr'><strong>inveniri</strong></span> <span class='ocrx_word' id='word_1_144' title='bbox 1546 2229 1701 2330; x_wconf 86' lang='lat' dir='ltr'><strong>poterit.</strong></span> <span class='ocrx_word' id='word_1_145' title='bbox 1768 2211 1879 2303; x_wconf 71' lang='lat' dir='ltr'><strong>Per·&#39;</strong></span> 
     </span>
     <span class='ocr_line' id='line_1_16' title="bbox 172 2351 1864 2464; baseline -0.005 -28"><span class='ocrx_word' id='word_1_146' title='bbox 172 2351 176 2355; x_wconf 65' lang='grc'><em>’</em></span> <span class='ocrx_word' id='word_1_147' title='bbox 269 2362 355 2437; x_wconf 90' lang='lat' dir='ltr'><strong>inde</strong></span> <span class='ocrx_word' id='word_1_148' title='bbox 397 2380 524 2438; x_wconf 87' lang='lat' dir='ltr'><strong>autem</strong></span> <span class='ocrx_word' id='word_1_149' title='bbox 564 2375 622 2437; x_wconf 89' lang='lat' dir='ltr'><strong>est</strong></span> <span class='ocrx_word' id='word_1_150' title='bbox 660 2371 745 2437; x_wconf 87' lang='lat' dir='ltr'><strong>utro</strong></span> <span class='ocrx_word' id='word_1_151' title='bbox 786 2361 900 2439; x_wconf 89' lang='lat' dir='ltr'><strong>modo</strong></span> <span class='ocrx_word' id='word_1_152' title='bbox 942 2363 1117 2441; x_wconf 84' lang='lat' dir='ltr'><strong>valorem</strong></span> <span class='ocrx_word' id='word_1_153' title='bbox 1164 2362 1363 2464; x_wconf 85' lang='lat' dir='ltr'><strong>integralis</strong></span> <span class='ocrx_word' id='word_1_154' title='bbox 1414 2357 1601 2436; x_wconf 81' lang='lat' dir='ltr'><strong>formulae</strong></span> <span class='ocrx_word' id='word_1_155' title='bbox 1642 2354 1864 2456; x_wconf 81' lang='lat' dir='ltr'><strong>duplicatae</strong></span> 
     </span>
     <span class='ocr_line' id='line_1_17' title="bbox 260 2483 668 2588; baseline -0.007 -25"><span class='ocrx_word' id='word_1_156' title='bbox 260 2483 474 2588; x_wconf 56' lang='lat' dir='ltr'><strong>sslldxay</strong></span> <span class='ocrx_word' id='word_1_157' title='bbox 506 2502 668 2566; x_wconf 88' lang='lat' dir='ltr'><strong>utamur.</strong></span> 
     </span>
    </p>
   </div>
   <div class='ocr_carea' id='block_1_3' title="bbox 264 2737 1866 3457">
    <p class='ocr_par' dir='ltr' id='par_1_3' title="bbox 264 2737 1866 3457">
     <span class='ocr_line' id='line_1_18' title="bbox 434 2737 1860 2850; baseline -0.008 -28"><span class='ocrx_word' id='word_1_158' title='bbox 434 2749 544 2826; x_wconf 80' lang='lat' dir='ltr'><strong>Cum.</strong></span> <span class='ocrx_word' id='word_1_159' title='bbox 564 2745 679 2850; x_wconf 87' lang='lat' dir='ltr'><strong>igitur</strong></span> <span class='ocrx_word' id='word_1_160' title='bbox 711 2747 750 2823; x_wconf 90' lang='lat' dir='ltr'><strong>in</strong></span> <span class='ocrx_word' id='word_1_161' title='bbox 785 2749 861 2824; x_wconf 87' lang='lat' dir='ltr'><strong>hoc</strong></span> <span class='ocrx_word' id='word_1_162' title='bbox 894 2768 1036 2850; x_wconf 82' lang='lat' dir='ltr'><strong>genere</strong></span> <span class='ocrx_word' id='word_1_163' title='bbox 1078 2744 1176 2822; x_wconf 84' lang='lat' dir='ltr'><strong>aliae</strong></span> <span class='ocrx_word' id='word_1_164' title='bbox 1217 2743 1403 2821; x_wconf 83' lang='lat' dir='ltr'><strong>formulae</strong></span> <span class='ocrx_word' id='word_1_165' title='bbox 1442 2742 1649 2844; x_wconf 83' lang='lat' dir='ltr'><strong>integrales</strong></span> <span class='ocrx_word' id='word_1_166' title='bbox 1685 2737 1758 2814; x_wconf 87' lang='lat' dir='ltr'><strong>nisi</strong></span> <span class='ocrx_word' id='word_1_167' title='bbox 1790 2739 1860 2812; x_wconf 72' lang='lat' dir='ltr'><strong>hu.-</strong></span> 
     </span>
     <span class='ocr_line' id='line_1_19' title="bbox 264 2865 1866 2975; baseline -0.007 -26"><span class='ocrx_word' id='word_1_168' title='bbox 264 2877 432 2974; x_wconf 89' lang='lat' dir='ltr'><strong>jusmodi</strong></span> <span class='ocrx_word' id='word_1_169' title='bbox 467 2867 690 2971; x_wconf 62' lang='lat' dir='ltr'><em>ssdeby</em></span> <span class='ocrx_word' id='word_1_170' title='bbox 731 2897 936 2975; x_wconf 85' lang='lat' dir='ltr'><strong>occurrere</strong></span> <span class='ocrx_word' id='word_1_171' title='bbox 975 2885 1217 2971; x_wconf 76' lang='lat' dir='ltr'><strong>nequeant,</strong></span> <span class='ocrx_word' id='word_1_172' title='bbox 1243 2880 1363 2945; x_wconf 84' lang='lat' dir='ltr'><strong>totum</strong></span> <span class='ocrx_word' id='word_1_173' title='bbox 1404 2871 1602 2970; x_wconf 87' lang='lat' dir='ltr'><strong>negotium</strong></span> <span class='ocrx_word' id='word_1_174' title='bbox 1636 2873 1708 2942; x_wconf 91' lang='lat' dir='ltr'><strong>huc</strong></span> <span class='ocrx_word' id='word_1_175' title='bbox 1742 2865 1866 2953; x_wconf 84' lang='lat' dir='ltr'><strong>redit,</strong></span> 
     </span>
     <span class='ocr_line' id='line_1_20' title="bbox 269 2990 1862 3100; baseline -0.008 -26"><span class='ocrx_word' id='word_1_176' title='bbox 269 3017 313 3077; x_wconf 91' lang='lat' dir='ltr'><strong>ut</strong></span> <span class='ocrx_word' id='word_1_177' title='bbox 352 2990 673 3098; x_wconf 87' lang='lat' dir='ltr'><strong>quemadmodum</strong></span> <span class='ocrx_word' id='word_1_178' title='bbox 715 2999 931 3100; x_wconf 86' lang='lat' dir='ltr'><strong>hujusmodi</strong></span> <span class='ocrx_word' id='word_1_179' title='bbox 970 2999 1121 3076; x_wconf 86' lang='lat' dir='ltr'><strong>formae</strong></span> <span class='ocrx_word' id='word_1_180' title='bbox 1162 2995 1414 3074; x_wconf 74' lang='lat' dir='ltr'><strong>variationem</strong></span> <span class='ocrx_word' id='word_1_181' title='bbox 1456 2994 1618 3070; x_wconf 90' lang='lat' dir='ltr'><strong>inveniri</strong></span> <span class='ocrx_word' id='word_1_182' title='bbox 1663 3001 1862 3090; x_wconf 87' lang='lat' dir='ltr'><strong>oporteat,</strong></span> 
     </span>
     <span class='ocr_line' id='line_1_21' title="bbox 271 3118 1861 3223; baseline -0.01 -19"><span class='ocrx_word' id='word_1_183' title='bbox 271 3130 531 3204; x_wconf 88' lang='lat' dir='ltr'><strong>ostendamus.</strong></span> <span class='ocrx_word' id='word_1_184' title='bbox 598 3125 958 3218; x_wconf 80' lang='lat' dir='ltr'><strong>Quoniam·autem</strong></span> <span class='ocrx_word' id='word_1_185' title='bbox 992 3125 1224 3223; x_wconf 87' lang='lat' dir='ltr'><strong>quantitates</strong></span> <span class='ocrx_word' id='word_1_186' title='bbox 1256 3147 1288 3195; x_wconf 79' lang='lat' dir='ltr'><strong>ar</strong></span> <span class='ocrx_word' id='word_1_187' title='bbox 1323 3133 1363 3195; x_wconf 90' lang='lat' dir='ltr'><strong>et</strong></span> <span class='ocrx_word' id='word_1_188' title='bbox 1396 3141 1425 3218; x_wconf 74' lang='lat' dir='ltr'><strong>p</strong></span> <span class='ocrx_word' id='word_1_189' title='bbox 1464 3118 1686 3197; x_wconf 84' lang='lat' dir='ltr'><strong>variationis</strong></span> <span class='ocrx_word' id='word_1_190' title='bbox 1725 3140 1861 3214; x_wconf 86' lang='lat' dir='ltr'><strong>exper-</strong></span> 
     </span>
     <span class='ocr_line' id='line_1_22' title="bbox 267 3241 1865 3349; baseline -0.011 -20"><span class='ocrx_word' id='word_1_191' title='bbox 267 3269 327 3330; x_wconf 90' lang='lat' dir='ltr'><strong>tes</strong></span> <span class='ocrx_word' id='word_1_192' title='bbox 369 3252 627 3343; x_wconf 89' lang='lat' dir='ltr'><strong>assumimus,</strong></span> <span class='ocrx_word' id='word_1_193' title='bbox 676 3277 722 3327; x_wconf 86' lang='lat' dir='ltr'><strong>ex</strong></span> <span class='ocrx_word' id='word_1_194' title='bbox 763 3250 805 3326; x_wconf 89' lang='lat' dir='ltr'><strong>iis</strong></span> <span class='ocrx_word' id='word_1_195' title='bbox 850 3276 948 3349; x_wconf 91' lang='lat' dir='ltr'><strong>quae</strong></span> <span class='ocrx_word' id='word_1_196' title='bbox 988 3251 1093 3330; x_wconf 86' lang='lat' dir='ltr'><strong>initio</strong></span> <span class='ocrx_word' id='word_1_197' title='bbox 1136 3260 1225 3326; x_wconf 88' lang='lat' dir='ltr'><strong>sunt</strong></span> <span class='ocrx_word' id='word_1_198' title='bbox 1263 3247 1528 3325; x_wconf 83' lang='lat' dir='ltr'><strong>demonstrata</strong></span> <span class='ocrx_word' id='word_1_199' title='bbox 1571 3245 1682 3324; x_wconf 80' lang='lat' dir='ltr'><strong>facile</strong></span> <span class='ocrx_word' id='word_1_200' title='bbox 1716 3241 1865 3340; x_wconf 88' lang='lat' dir='ltr'><strong>colligi·</strong></span> 
     </span>
     <span class='ocr_line' id='line_1_23' title="bbox 268 3382 450 3457; baseline -0.016 0"><span class='ocrx_word' id='word_1_201' title='bbox 268 3397 329 3457; x_wconf 88' lang='lat' dir='ltr'><strong>tur</strong></span> <span class='ocrx_word' id='word_1_202' title='bbox 365 3382 450 3454; x_wconf 86' lang='lat' dir='ltr'><strong>sore</strong></span> 
     </span>
    </p>
   </div>
   <div class='ocr_carea' id='block_1_4' title="bbox 267 3513 1863 3908">
    <p class='ocr_par' dir='ltr' id='par_1_4' title="bbox 267 3513 1863 3908">
     <span class='ocr_line' id='line_1_24' title="bbox 493 3513 1268 3640; baseline -0.018 -4"><span class='ocrx_word' id='word_1_203' title='bbox 493 3514 731 3636; x_wconf 60' lang='lat' dir='ltr'><strong>lssldxdv</strong></span> <span class='ocrx_word' id='word_1_204' title='bbox 763 3513 1150 3640; x_wconf 66' lang='lat' dir='ltr'><strong>:sslloxsm</strong></span> <span class='ocrx_word' id='word_1_205' title='bbox 1264 3577 1268 3585; x_wconf 92' lang='lat'>·</span> 
     </span>
     <span class='ocr_line' id='line_1_25' title="bbox 267 3661 1863 3777; baseline -0.01 -21"><span class='ocrx_word' id='word_1_206' title='bbox 267 3680 336 3758; x_wconf 88' lang='lat' dir='ltr'><strong>ubi·</strong></span> <span class='ocrx_word' id='word_1_207' title='bbox 372 3664 436 3755; x_wconf 73' lang='lat' dir='ltr'><strong>dl</strong></span> <span class='ocrx_word' id='word_1_208' title='bbox 477 3678 733 3754; x_wconf 82' lang='lat' dir='ltr'><strong>variationem</strong></span> <span class='ocrx_word' id='word_1_209' title='bbox 769 3676 888 3777; x_wconf 85' lang='lat' dir='ltr'><strong>ipsius</strong></span> <span class='ocrx_word' id='word_1_210' title='bbox 921 3679 954 3752; x_wconf 83' lang='lat' dir='ltr'>V</span> <span class='ocrx_word' id='word_1_211' title='bbox 995 3679 1185 3771; x_wconf 82' lang='lat' dir='ltr'><strong>denotat3</strong></span> <span class='ocrx_word' id='word_1_212' title='bbox 1237 3675 1375 3773; x_wconf 87' lang='lat' dir='ltr'><strong>hicque</strong></span> <span class='ocrx_word' id='word_1_213' title='bbox 1416 3668 1671 3772; x_wconf 86' lang='lat' dir='ltr'><strong>integratione</strong></span> <span class='ocrx_word' id='word_1_214' title='bbox 1715 3661 1863 3766; x_wconf 83' lang='lat' dir='ltr'><strong>pariter</strong></span> 
     </span>
     <span class='ocr_line' id='line_1_26' title="bbox 271 3802 1573 3908; baseline -0.012 -24"><span class='ocrx_word' id='word_1_215' title='bbox 271 3806 418 3908; x_wconf 87' lang='lat' dir='ltr'><strong>duplici</strong></span> <span class='ocrx_word' id='word_1_216' title='bbox 448 3819 507 3882; x_wconf 90' lang='lat' dir='ltr'><strong>est</strong></span> <span class='ocrx_word' id='word_1_217' title='bbox 540 3828 657 3907; x_wconf 85' lang='lat' dir='ltr'><strong>opus,</strong></span> <span class='ocrx_word' id='word_1_218' title='bbox 692 3828 853 3906; x_wconf 84' lang='lat' dir='ltr'><strong>prorsus</strong></span> <span class='ocrx_word' id='word_1_219' title='bbox 887 3816 930 3880; x_wconf 92' lang='lat' dir='ltr'><strong>ut</strong></span> <span class='ocrx_word' id='word_1_220' title='bbox 962 3807 1077 3885; x_wconf 89' lang='lat' dir='ltr'><strong>modo</strong></span> <span class='ocrx_word' id='word_1_221' title='bbox 1113 3817 1201 3883; x_wconf 87' lang='lat' dir='ltr'><strong>ante</strong></span> <span class='ocrx_word' id='word_1_222' title='bbox 1234 3802 1436 3880; x_wconf 89' lang='lat' dir='ltr'><strong>innuimus.</strong></span> <span class='ocrx_word' id='word_1_223' title='bbox 1570 3865 1573 3869; x_wconf 86' lang='lat'>.</span> 
     </span>
    </p>
   </div>
   <div class='ocr_carea' id='block_1_5' title="bbox 814 4029 1329 4110">
    <p class='ocr_par' dir='ltr' id='par_1_5' title="bbox 814 4029 1329 4110">
     <span class='ocr_line' id='line_1_27' title="bbox 814 4029 1329 4110; baseline -0.017 -1"><span class='ocrx_word' id='word_1_224' title='bbox 814 4029 1215 4110; x_wconf 72' lang='lat' dir='ltr'><strong>Corollarium</strong></span> <span class='ocrx_word' id='word_1_225' title='bbox 1289 4035 1329 4101; x_wconf 79' lang='lat' dir='ltr'><strong>t.</strong></span> 
     </span>
    </p>
   </div>
   <div class='ocr_carea' id='block_1_6' title="bbox 262 4185 1865 4438">
    <p class='ocr_par' dir='ltr' id='par_1_6' title="bbox 262 4185 1865 4438">
     <span class='ocr_line' id='line_1_28' title="bbox 439 4185 1865 4307; baseline -0.018 -23"><span class='ocrx_word' id='word_1_226' title='bbox 439 4212 541 4284; x_wconf 79' lang='lat'><strong>160.</strong></span> <span class='ocrx_word' id='word_1_227' title='bbox 616 4205 654 4282; x_wconf 78' lang='lat' dir='ltr'><strong>Si</strong></span> <span class='ocrx_word' id='word_1_228' title='bbox 706 4228 897 4307; x_wconf 88' lang='lat' dir='ltr'><strong>ponamus</strong></span> <span class='ocrx_word' id='word_1_229' title='bbox 952 4205 1139 4306; x_wconf 86' lang='lat' dir='ltr'><strong>integrale</strong></span> <span class='ocrx_word' id='word_1_230' title='bbox 1187 4190 1630 4301; x_wconf 67' lang='lat' dir='ltr'><strong>ssllbxdyzlll,</strong></span> <span class='ocrx_word' id='word_1_231' title='bbox 1679 4209 1768 4270; x_wconf 85' lang='lat' dir='ltr'><strong>cum</strong></span> <span class='ocrx_word' id='word_1_232' title='bbox 1812 4185 1865 4264; x_wconf 81' lang='lat' dir='ltr'><strong>siu</strong></span> 
     </span>
     <span class='ocr_line' id='line_1_29' title="bbox 262 4327 1443 4438; baseline -0.017 -16"><span class='ocrx_word' id='word_1_233' title='bbox 262 4327 492 4438; x_wconf 74' lang='lat' dir='ltr'><strong>sdfxlldy</strong></span> <span class='ocrx_word' id='word_1_234' title='bbox 508 4357 570 4417; x_wconf 73' lang='grc' dir='ltr'>Ξ</span> <span class='ocrx_word' id='word_1_235' title='bbox 590 4335 663 4423; x_wconf 88' lang='lat' dir='ltr'><strong>W,</strong></span> <span class='ocrx_word' id='word_1_236' title='bbox 716 4334 792 4409; x_wconf 90' lang='lat' dir='ltr'><strong>erit</strong></span> <span class='ocrx_word' id='word_1_237' title='bbox 822 4358 893 4433; x_wconf 89' lang='lat' dir='ltr'><strong>per</strong></span> <span class='ocrx_word' id='word_1_238' title='bbox 927 4333 1046 4411; x_wconf 86' lang='lat' dir='ltr'><strong>solam</strong></span> <span class='ocrx_word' id='word_1_239' title='bbox 1079 4357 1111 4407; x_wconf 82' lang='lat' dir='ltr'><strong><em>x</em></strong></span> <span class='ocrx_word' id='word_1_240' title='bbox 1144 4327 1443 4410; x_wconf 83' lang='lat' dir='ltr'><strong>differentiando</strong></span> 
     </span>
    </p>
   </div>
   <div class='ocr_carea' id='block_1_7' title="bbox 487 4470 885 4626">
    <p class='ocr_par' dir='ltr' id='par_1_7' title="bbox 487 4470 885 4626">
     <span class='ocr_line' id='line_1_30' title="bbox 487 4470 885 4626; baseline -0.018 -37"><span class='ocrx_word' id='word_1_241' title='bbox 487 4511 630 4612; x_wconf 66' lang='lat' dir='ltr'><strong>susp.</strong></span> <span class='ocrx_word' id='word_1_242' title='bbox 660 4525 723 4589; x_wconf 73' lang='lat' dir='ltr'><strong><em>z</em></strong></span> <span class='ocrx_word' id='word_1_243' title='bbox 755 4470 885 4626; x_wconf 48' lang='lat'><strong>(32),</strong></span> 
     </span>
    </p>
   </div>
   <div class='ocr_carea' id='block_1_8' title="bbox 0 0 2141 5686">
    <p class='ocr_par' dir='ltr' id='par_1_8' title="bbox 0 0 2141 5686">
     <span class='ocr_line' id='line_1_31' title="bbox 0 0 2141 5686; baseline 0 0"><span class='ocrx_word' id='word_1_244' title='bbox 0 0 2141 5686; x_wconf 95' lang='lat' dir='ltr'><strong> </strong></span> 
     </span>
    </p>
   </div>
  </div>
 </body>
</html>
