4260 5686
895 400 1123 483 eaeor
1185 400 1220 481 t
1754 419 1780 496 9

266 636 393 712 aanor
423 626 505 694 tam
535 615 619 719 ejua
649 613 900 719 investigetur
931 615 1111 715 aequatio
1143 614 1339 719 integralis
1370 617 1587 719 completa,
1621 638 1720 719 quae
1754 642 1851 723 ergo

267 755 509 840 constantem
550 741 793 821 arbitrariam
837 744 869 820 C
912 745 1208 845 complectetur·
1267 744 1418 823 Deinde
1457 747 1555 820 haec
1590 748 1847 827 oenomao

268 870 537 949 consideretur
584 881 627 948 ut
671 868 816 946 functio
863 866 1113 971 quaecunque
1157 869 1275 969 ipsiua
1308 896 1365 966 z,
1410 891 1526 968 atque
1566 873 1641 947 hae
1680 897 1708 948 z
1747 896 1851 952 nune

268 995 388 1074 etiam
418 1021 494 1100 pro
528 995 702 1074 variabili
733 993 896 1096 habita,
940 996 1122 1096 aequatio
1151 996 1347 1099 integrale
1387 996 1544 1074 inventa
1580 998 1704 1075 denno
1738 999 1848 1075 diffe-

269 1121 482 1216 rentietur3
531 1134 575 1199 ut
607 1145 740 1201 omnes
772 1133 852 1200 trea
883 1149 936 1217 x,
966 1147 996 1221 g
1029 1136 1069 1201 et
1099 1151 1126 1200 a
1164 1136 1349 1222 tanquam
1379 1122 1583 1202 variabiles
1621 1136 1848 1220 tractentur,

272 1262 314 1329 et
345 1249 522 1354 aequatio
552 1247 1037 1328 differentialiareaoltana
1070 1263 1317 1352 comparetur
1349 1274 1434 1327 mm
1466 1248 1700 1351 proposita

494 1423 1299 1531 ramore-trumo,

198 1682 209 1701 .
271 1616 337 1693 vbi
371 1614 522 1721 quidem
556 1611 771 1690 functiones
803 1618 833 1693 P
865 1627 905 1691 et
938 1612 977 1709 Q
1008 1625 1148 1716 sponte
1180 1618 1409 1719 proffibunt,
1441 1625 1498 1693 at⁴
1514 1618 1657 1694 functio
1690 1619 1726 1693 R
1758 1642 1848 1696 oum

267 1769 319 1820 ea
353 1724 592 1842 quantitate,
631 1763 707 1839 qua
740 1740 966 1818 elementum
1001 1736 1055 1824 iz
1087 1743 1270 1838 afficitur,
1310 1745 1452 1822 collata
1482 1742 1751 1822 determinabit
1780 1768 1875 1823 ra·⁴

267 1871 443 1961 tionem,
476 1893 553 1966 qua
580 1864 776 1966 quantitas
809 1894 835 1942 z
867 1867 905 1943 in
939 1868 1042 1946 illam
1075 1869 1240 1947 litteram
1275 1874 1310 1947 C
1342 1871 1584 1974 ingreditur,
1614 1870 1747 1969 sicque
1779 1871 1849 1947 ob·

270 1996 451 2073 tinebitur
483 1994 660 2092 aequatio
693 1991 889 2093 integralis
923 1995 1106 2093 quaesita,
1139 2021 1238 2095 quae
1270 1997 1378 2073 aimul
1400 1997 1483 2073 werit
1516 1998 1725 2098 completa,
1758 2019 1846 2072 eum

270 2145 429 2223 semper
474 2121 513 2196 in
560 2118 624 2195 iila
661 2116 809 2194 litterae
851 2122 884 2197 C
925 2145 1019 2220 para
1059 2124 1248 2221 quaedam
1289 2136 1468 2200 constans
1511 2146 1604 2199 vere
1644 2121 1848 2198 arbitraria

266 2250 504 2347 relinquatur
518 2250 550 2341 ,“’
582 2270 671 2324 cum
720 2245 818 2323 haee
863 2244 1225 2325 determinatione
1272 2246 1510 2327 differentiali
1556 2244 1675 2349 ipaiua
1717 2248 1749 2326 C
1797 2247 1848 2323 ait

266 2376 447 2476 petenda.

783 2611 1202 2692 Corollarium
1274 2620 1311 2690 l.

285 2896 288 2903 .
399 2807 443 2879 8.
509 2790 718 2875 Reducitur
751 2818 846 2898 ergo
879 2795 1085 2900 integratio
1118 2795 1332 2901 hujusmodi
1368 2796 1636 2900 aequationem
1667 2794 1847 2903 differen-

265 2922 414 3003 tialium
452 2936 532 3001 tres
569 2919 773 2999 variabiles
822 2923 1096 3003 continentium
1143 2925 1193 3000 ad
1239 2923 1533 3025 integrationem
1581 2920 1849 3022 aequationum

267 3051 578 3129 differentialium
615 3048 715 3124 inter
744 3046 841 3126 duaa
880 3068 1029 3128 tantum
1068 3051 1301 3146 variabiles,
1351 3052 1449 3148 quae
1488 3074 1585 3152 ergo
1624 3048 1770 3147 quoties
1802 3046 1848 3122 li·

267 3202 334 3259 eet
365 3203 438 3281 per
467 3171 668 3256 methodos
698 3172 738 3250 in
771 3172 959 3278 superiori
991 3179 1087 3256 libro
1118 3176 1307 3270 traditas,
1354 3187 1415 3255 eat
1443 3176 1685 3259 inatituenda.

800 3429 1203 3508 corollarium
1264 3428 1311 3505 424

403 3639 443 3712 9.
506 3628 619 3707 Haec
652 3650 749 3730 ergo
788 3623 993 3729 integratio
1031 3624 1153 3702 tribus
1184 3622 1310 3701 modia
1349 3622 1493 3702 institui
1528 3634 1660 3724 potest
1672 3676 1688 3724 ,
1735 3636 1850 3724 prout

266 3755 395 3858 primo
438 3759 500 3834 vel
532 3781 587 3850 z,
619 3754 683 3833 vel
713 3776 771 3853 y,
802 3753 864 3831 vel
895 3779 930 3829 m
975 3761 1158 3850 tanquam
1191 3761 1373 3829 constane
1412 3758 1622 3852 spectatur.
1690 3748 1847 3852 Semper

268 3895 396 3960 antem
430 3905 590 3961 neeesse
626 3891 709 3975 eat,
752 3891 797 3956 ut
827 3879 965 3958 eadem
999 3879 1175 3978 aequatio
1209 3876 1407 3980 integralis
1437 3877 1624 3973 maritet,
1661 3875 1847 3976 siquidem

270 4007 452 4109 aequatio
484 4004 750 4086 differentialis
783 4005 899 4084 fuerit
927 4003 1083 4085 realis..
1838 3991 1841 3995 ’

649 4286 669 4307 r
792 4258 1206 4338 Corollarium
1274 4272 1314 4338 3.

405 4451 472 4524 lo.
541 4444 686 4540 Quodsi
726 4445 824 4521 haee
862 4444 1066 4523 methodus
1110 4453 1276 4521 tentetur
1323 4443 1362 4522 in
1404 4441 1628 4544 aequatione
1668 4391 1849 4524 differen-

264 4570 349 4649 tiali
382 4571 633 4673 impossibili,
666 4569 947 4652 determinatio
986 4571 1087 4650 illiue
1106 4570 1330 4691 monetariis
1363 4571 1395 4652 C
1438 4594 1518 4653 nou
1556 4568 1611 4648 ita
1650 4571 1849 4664 suecedet,

334 4699 417 4779 v01.
451 4697 524 4776 ΙΙΙ.
1595 4708 1619 4772 2
