4260 5686
741 456 963 542 etrus
1027 464 1059 542 1.

577 844 584 853 ,
650 764 1043 841 Corollarium
1112 775 1153 844 2.

273 964 377 1034 881»
443 957 566 1035 'Porro
602 940 829 1037 susanne
859 956 1023 1059 jurabit,
1054 948 1086 1034 si
1119 957 1290 1060 ejusdem
1323 955 1514 1033 variabilis
1547 971 1640 1056 puta
1658 984 1689 1032 x

103 1087 208 1161 duae
240 1086 421 1183 pluresve
452 1099 661 1160 occurrant
693 1083 906 1160 mactiones
940 1083 1185 1172 arbitrariae,
1233 1107 1347 1158 unam
1389 1079 1540 1179 quidem
1575 1087 1690 1159 abso·
1809 1090 1812 1095 ’

103 1213 189 1285 late
222 1209 334 1308 poni,
383 1210 542 1285 alteram
584 1233 657 1307 per
696 1233 725 1307 y
766 1208 1027 1307 multiplicari,
1076 1210 1228 1284 tertiam
1268 1233 1361 1284 vero
1401 1213 1432 1282 si
1474 1208 1573 1285 adsit
1619 1234 1689 1306 per

98 1349 231 1434 {ylla
264 1358 332 1411 seu
364 1335 466 1431 quod
502 1336 638 1412 eodem
671 1334 790 1425 redit,
821 1359 894 1434 per
925 1358 998 1433 yy
1030 1336 1315 1434 multiplicatam
1349 1336 1547 1410 accedere.

638 1655 1045 1732 corollarium
1117 1667 1155 1731 3.

271 1852 375 1919 ³82.
441 1844 632 1943 Perpetuo
678 1860 803 1922 autem
844 1849 1049 1924 tenendum
1091 1860 1150 1922 est
1191 1848 1259 1918 has
1294 1844 1508 1919 functiones
1543 1843 1594 1916 ita
1628 1867 1689 1915 ar-

104 1966 217 2042 bitrio
250 1982 383 2044 nostro
417 1967 588 2070 relinqui,
624 1986 662 2048 et
693 1972 807 2048 etiam
841 1972 1052 2048 functiones
1086 1969 1349 2047 discontinuae
1382 1991 1449 2043 seu
1474 1970 1574 2042 nulla
1596 1994 1689 2042 con·
1776 2000 1779 2005 ·

107 2092 291 2169 tinuitatis
323 2095 409 2196 lege
442 2109 649 2174 contentae
681 2122 760 2176 non
795 2098 1056 2175 excludantur.
1140 2094 1289 2172 Scilicet
1328 2094 1358 2169 si
1400 2093 1520 2168 libero
1554 2114 1688 2167 manus

105 2232 235 2296 tractu
267 2219 368 2297 linea
401 2245 649 2321 quaecunque
684 2224 946 2314 describatur,
991 2223 1185 2326 applicata
1219 2222 1458 2320 respondens
1493 2219 1686 2293 abscissae

102 2367 136 2418 rc
171 2346 383 2446 hujusmodi
417 2348 648 2428 functionem
684 2352 783 2432 1'2x
816 2352 969 2429 reseret.

698 2670 989 2748 Scholion
1062 2681 1100 2745 l.

230 2872 239 2893 “·
271 2875 374 2943 888.
433 2866 568 2947 'Minus
611 2872 670 2948 llic
712 2874 990 2951 immorandum
1037 2873 1204 2963 arbitror
1243 2868 1571 2947 transformationi
1607 2871 1686 2945 sor-

104 2987 292 3083 mularum
326 2989 633 3073 differentialium
675 3001 820 3077 altioris
854 3001 1016 3100 gradus,
1065 3000 1154 3074 dum
1196 3001 1281 3077 loco
1315 2998 1685 3075 binarumrariabi-

105 3113 195 3191 lium
226 3140 259 3193 x
291 3132 330 3193 et
361 3143 389 3217 y
423 3120 520 3197 aliae
555 3146 803 3224 quaecunque
844 3126 882 3201 in
915 3126 1103 3203 calculum
1141 3125 1452 3215 introducuntur,
1504 3123 1685 3218 quoniam

100 3240 142 3315 in
174 3264 315 3340 genere
349 3247 617 3345 expressiones
658 3251 768 3330 nimis
813 3253 946 3328 fierent
977 3251 1228 3350 complicatae
1259 3249 1394 3346 vixque
1428 3250 1543 3322 ullum
1575 3270 1684 3323 usum

101 3366 324 3465 habiturae,
375 3386 454 3448 tum
492 3398 590 3453 vero
632 3377 816 3480 imprimis
851 3380 950 3477 quod
984 3378 1187 3454 methodus
1226 3379 1295 3452 bas
1328 3373 1684 3455 transtormatlones

100 3492 318 3573 inveniendi
344 3499 426 3601 jam
461 3524 577 3602 supra
611 3502 662 3610 (ξ.
702 3514 813 3596 229)
848 3505 938 3582 satis
972 3506 1181 3605 luculenter
1216 3517 1274 3583 est
1307 3500 1463 3593 tradita.
1539 3503 1682 3576 Casum

98 3631 250 3696 tantum
283 3622 566 3722 simpliciorem,
605 3655 680 3728 quo
714 3632 827 3733 binae
859 3654 984 3708 novae
1021 3630 1223 3719 variabiles
1257 3638 1273 3701 t
1306 3622 1402 3703 et'u
1437 3628 1579 3702 locuni
1598 3638 1685 3723 ety

95 3744 398 3826 introducendae
433 3750 488 3827 ita
521 3755 781 3857 accipiuntur,
816 3777 857 3834 ut
891 3757 938 3832 sit

259 3903 618 4012 izers-{39
650 3917 688 3981 et
720 3895 1113 4010 “zm-iilis

93 4041 161 4119 bic
196 4068 345 4144 quoque
389 4050 438 4165 ad
479 4050 660 4131 formulas
703 4054 973 4167 differentiales
1010 4053 1165 4129 altiores
1200 4048 1516 4129 accommodabo.
1584 4050 1682 4122 Cum
1724 4122 1729 4139 ,

91 4166 213 4266 igitur
246 4171 448 4251 viderimus
484 4199 589 4270 esse,

589 4370 659 4443 pro
693 4348 862 4428 formulis
896 4347 1008 4448 primi
1043 4349 1184 4448 gradus
