4260 5686
332 500 421 580 too
467 540 473 553 ·
677 425 969 570 'ruororro
1007 486 1417 574 nortmannos

265 686 537 793 crgomtllum
568 683 777 765 monulus
809 710 857 765 eo
891 686 1062 767 attttlisso
1094 707 1160 767 est
1189 692 1398 770 cenem
1461 690 1562 771 Tun
1591 713 1691 774 vero
1722 694 1857 796 qumi

266 820 325 896 vis
364 816 601 906 concedam,
651 817 690 891 io
729 815 1016 919 posterioribus.
1036 816 1234 919 exemplis
1283 818 1582 924 integrationem
1625 845 1703 925 per
1744 847 1859 904 treus

267 944 473 1022 circulares
507 940 824 1042 multiplicatores
856 944 943 1021 illos·
971 943 1133 1023 idoneos
1167 947 1368 1026 commode
1402 949 1708 1053 suppeditasse,¹
1726 951 1767 1027 iel
1798 966 1857 1029 ts·

266 1098 354 1152 men
397 1072 433 1146 in
475 1072 560 1171 ipsa
601 1071 816 1149 evolutione
860 1074 983 1151 minus
1023 1071 1223 1168 cernitur,
1270 1074 1486 1175 eademque
1528 1077 1738 1179 integratio
1778 1079 1858 1156 sine

268 1222 379 1296 dubio
423 1216 582 1294 inveniri
624 1217 834 1315 potuisset,
885 1231 1090 1319 antequam
1132 1232 1327 1301 constaret
1354 1220 1561 1315 'formulae
1593 1187 1726 1348 (gf—3
1763 1225 1859 1303 inte·

269 1372 375 1470 grale
412 1390 494 1444 esse
530 1390 660 1442 arcum
703 1365 831 1439 circuli
876 1368 1045 1465 tangenti
1082 1393 1111 1442 or
1155 1365 1467 1467 respondentem.
1535 1368 1678 1447 Verum
1717 1395 1858 1471 sequa.

267 1496 320 1571 tio
355 1518 471 1592 supra
507 1496 622 1569 allata

272 1849 375 1947 cujus
416 1844 602 1946 integrale
645 1847 877 1943 completum
920 1824 1138 1945 sigebraiee
1180 1843 1361 1920 exhibere
1402 1839 1519 1930 licet,
1567 1838 1657 1951 nulli
1693 1842 1857 1945 amplius

272 1973 385 2048 dubio
420 1976 546 2048 locum
581 1970 785 2069 relinquit,
837 1997 921 2046 com
958 1972 1058 2048 enim
1093 1970 1261 2047 neutrius
1294 1967 1417 2069 partis
1456 1967 1645 2069 integrale
1680 1993 1732 2045 ne
1766 1995 1858 2046 con·

272 2101 389 2174 cessis
433 2099 586 2198 quidem
631 2099 869 2200 logarithmis
912 2101 973 2176 vel
1015 2099 1184 2176 arcubus
1218 2094 1469 2173 circularibus
1511 2086 1682 2171 exhiberi
1717 2095 1859 2197 possit,

272 2229 425 2326 ejusque
462 2227 587 2302 forma
629 2229 677 2302 ad
719 2250 839 2328 genus
880 2226 1132 2324 quantitatum
1173 2221 1528 2302 transcendentium
1562 2222 1772 2300 etiamnum
1804 2223 1861 2300 in·

273 2354 467 2454 cognitum
502 2353 549 2428 sit
582 2356 806 2443 referenda,
842 2358 938 2431 haee
975 2369 1079 2430 certe
1112 2351 1254 2427 nullum
1288 2348 1464 2427 auxilium
1500 2349 1549 2424 ad
1581 2348 1772 2452 integrale
1808 2352 1861 2426 al·

274 2482 492 2581 gebraicum
536 2481 801 2558 inveniendum
845 2481 1012 2558 attulisse
1057 2479 1205 2556 censeri
1246 2468 1388 2579 potest.
1415 2476 1432 2495 ⁵
1455 2462 1586 2575 Atque
1625 2478 1702 2552 hoc
1744 2478 1862 2554 multo

272 2609 394 2708 magis
432 2610 479 2682 de
517 2608 741 2706 aequatione
784 2607 847 2682 illa
886 2607 997 2683 latius
1035 2617 1192 2708 patente
1235 2606 1285 2681 iu·
1316 2602 1354 2712 §a
1382 2609 1424 2691 i,
1465 2603 1669 2704 proposita
1712 2621 1775 2682 est
1808 2621 1862 2681 te·

274 2734 466 2826 nendum,
517 2735 657 2834 quippe
709 2735 815 2834 cujus
866 2734 1069 2836 integratio
1114 2733 1269 2810 omnino
1321 2727 1536 2836 singularis
1571 2756 1618 2807 er
1664 2733 1863 2834 principiis

274 2862 384 2962 longe
419 2860 686 2939 diversissimis
721 2885 742 2936 s
777 2843 837 2937 me
870 2875 929 2940 est
960 2878 1081 2939 eruta.
1444 2868 1447 2875 '

443 3126 481 3198 7.
548 3117 751 3195 Methodus
776 3140 779 3145 ·
803 3131 929 3197 autem
948 3181 966 3212 ,,
1011 3143 1088 3217 qua
1135 3131 1214 3195 tutu
1263 3139 1508 3212 sumsusus,
1557 3129 1766 3217 tantopere
1807 3129 1865 3194 est

275 3243 528 3338 abscondita,
576 3246 710 3320 utrix
742 3248 818 3322 ulls
852 3247 914 3322 via
955 3249 1005 3322 ad
1048 3248 1184 3322 eadem
1224 3245 1428 3348 integralis
1465 3247 1686 3346 perducens
1727 3257 1865 3345 patere

275 3374 481 3466 videatur,
530 3388 569 3452 et
610 3398 695 3449 cum
738 3374 933 3475 separatio
976 3373 1213 3450 variabilium
1254 3373 1356 3450 nihil.
1385 3373 1502 3474 plane
1535 3397 1581 3451 eo
1616 3373 1865 3462 contulisset,

276 3502 339 3576 vix
372 3503 487 3577 etiam
523 3500 727 3601 quiequam
769 3508 818 3581 ab
859 3503 980 3579 altera
1014 3492 1203 3579 'methodo
1246 3503 1295 3576 sd
1329 3499 1647 3602 multiplicatores
1682 3499 1869 3578 adstricta

276 3627 424 3727 sperari
461 3651 580 3726 posse
612 3628 823 3721 videbatur,
858 3629 1204 3731 proptereouquod
1237 3641 1316 3706 tum
1351 3628 1435 3729 ipse
1468 3630 1593 3707 adhue
1627 3628 1668 3704 in
1700 3651 1751 3703 en
1786 3627 1867 3725 opi·

199 3743 201 3747 ¹
275 3756 391 3832 nioue
423 3755 638 3846 versabar,
672 3778 746 3854 per
776 3757 1094 3856 multiplicatores
1126 3757 1228 3833 nihii-
1250 3755 1452 3858 praestari·
1474 3778 1621 3857 posse,
1660 3754 1734 3832 nisi
1770 3776 1866 3854 qua·

274 3895 386 3959 tenus
418 3881 615 3984 separatio
648 3882 886 3962 variabilium
920 3885 1058 3961 eodem
1098 3885 1359 3977 manuducat3
1407 3883 1715 3984 quandoquidem
1750 3902 1871 3983 quse·

275 4009 347 4089 etio
381 4009 649 4089 differentialis
690 4027 838 4090 tanturn
878 4011 992 4115 primi
1036 4013 1180 4115 madro
1210 4011 1447 4114 implicaret.-
1504 4011 1703 4113 Dciuoeps
1738 4023 1870 4087 autem

276 4161 320 4214 re
352 4138 567 4241 diligentius
601 4141 856 4218 considerata·
880 4141 1077 4243 perspexi,
1110 4139 1264 4240 quoties
1296 4139 1539 4240 oequstionis
1572 4140 1760 4243 cujusque
1791 4136 1869 4213 dii·

276 4265 486 4345 ierentialis
524 4269 710 4371 integrale
752 4271 988 4370 completum
1028 4268 1211 4348 exhibere
1242 4268 1357 4358 licet,
1404 4290 1453 4345 er
1485 4290 1533 4346 eo
1566 4266 1734 4346 vicissim
1767 4286 1871 4345 sem·

276 4414 349 4492 per
381 4395 573 4494 q‘usmodi
606 4394 943 4499 multiplicatorem
976 4395 1062 4477 elici
1095 4420 1226 4494 posse,
1259 4420 1332 4498 per
1364 4416 1481 4496 quem
1513 4395 1545 4475 ei
1580 4395 1765 4495 aequatio
1793 4392 1872 4470 ‹tit-

280 4518 491 4599 ieoentiolis
526 4524 828 4626 multiplicetur,
860 4548 940 4605 noo
972 4526 1106 4605 solum:
1127 4523 1196 4604 flat
1226 4523 1493 4628 immeabilis,¹
1517 4522 1588 4602 sed
1622 4523 1739 4601 etism
1772 4521 1873 4603 inte·¹

280 4660 392 4749 grata
425 4649 469 4726 io
495 4648 623 4752 ipsum
652 4651 863 4791 integrales·
889 4657 992 4756 quod
1020 4657 1105 4759 jem
1137 4669 1226 4735 erat
1255 4653 1470 4757 cognitum,
1503 4652 1773 4755 reproducere
1800 4652 1871 4727 oe·
