4260 5686
778 379 1016 473 oroor-
1067 399 1097 472 1.
1574 397 1661 482 aaa

36 632 48 652 ·
144 620 235 698 tam,
252 619 268 647 ⁶
293 604 367 683 'sin⁴
407 607 450 680 t
476 604 504 678 Υ
537 602 591 678 Μ,
612 603 744 680 ··tinea
772 642 775 647 ·
805 596 952 701 mmai,
977 662 982 687 ,
1005 604 1281 707 aequatione-⁶
1300 607 1425 686 mter·
1447 602 1724 696 uaeramus

141 728 440 822 uma-et·
460 729 497 805 X
513 731 628 817 tm:
641 731 670 830 ρ’
699 730 877 822 'definiam
900 728 1029 833 ”quae
1067 750 1164 837 ergo
1185 734 1325 811 'datam
1356 733 1467 813 illam
1490 738 1725 825 anianensis

139 855 449 960 exhibentium
483 855 599 960 igitur
631 854 953 957 quaelibet-linea
985 869 1108 939 curva·
1130 861 1210 939 olla
1238 861 1275 941 ἱιι
1287 880 1389 960 pm·
1404 867 1455 947 ab
1485 864 1725 949 illaturam

141 990 281 1090 parum
318 982 573 1085 discrepans:
592 985 840 1064 relationem·
858 987 984 1070 illam·
1005 986 1203 1064 ³variatam
1241 987 1581 1089 repraesentabit32
1600 1003 1724 1094 qnae

141 1111 568 1215 quomodocunque-ae
601 1113 762 1207 lrabeat,
795 1111 1035 1212 temper‘lta
1069 1106 1308 1195 considerari
1330 1118 1490 1217 potest,
1524 1135 1570 1195 ἰιι
1600 1114 1725 1201 eidem

140 1239 350 1320 sominae
371 1238 405 1314 A
421 1238 460 1314 X
476 1238 538 1315 ..··'.·
553 1255 600 1314 ω’
619 1231 821 1318 conveniat
844 1241 1050 1343 ‘applicata
1081 1243 1231 1319 variata
1263 1243 1303 1320 X
1317 1267 1365 1337 o,
1409 1235 1600 1323 existente
1624 1250 1724 1350 'par'-

139 1364 261 1444 tioola
294 1366 364 1441 Yo
403 1366 488 1468 ejus
518 1365 748 1459 variatione,
794 1384 893 1470 quae
934 1368 1206 1448 consideratio·
1231 1394 1382 1469 quoque
1423 1396 1496 1473 pro
1534 1374 1725 1475 plerisque

141 1491 252 1572 ciroa
290 1491 457 1571 maxima
495 1496 535 1569 et
572 1491 738 1569 minima
764 1492 952 1593 prolatio·
975 1493 1283 1593 quaestionibus·
1310 1497 1469 1587 suffieit,
1486 1522 1503 1551 ἰ
1526 1501 1590 1578 ubi
1608 1516 1612 1525 '
1630 1505 1726 1582 adeo

142 1643 266 1700 curva
294 1617 409 1700 AM.
427 1620 467 1696 in
499 1618 689 1697 nonnullis
722 1629 870 1698 tantum
903 1621 1100 1700 elementis
1131 1618 1275 1699 variari
1308 1625 1406 1700 solet
1427 1621 1649 1724 'concipl;¹-·
1680 1629 1728 1704 At

142 1745 184 1825 si'
210 1744 384 1863 quaestio
423 1747 476 1824 lto
516 1746 565 1824 sit
606 1748 832 1846 comparata
872 1761 914 1826 ut
946 1749 1044 1825 inter
1075 1766 1211 1826 omnes
1244 1772 1404 1841 curras,
1452 1750 1558 1847 quas*
1576 1772 1604 1826 a
1619 1753 1724 1830 “dato

140 1883 296 1977 puncto·
319 1872 360 1950 A'
387 1873 437 1951 ad
468 1874 598 1951 datam
632 1874 850 1974 quampiam
872 1890 1042 1952 curvam
1074 1879 1162 1952 CD
1196 1899 1316 1973 usque
1350 1876 1490 1952 ducere
1511 1875 1631 1971 lieet,
1679 1901 1727 1955 ea

144 2001 347 2079 definiatur
366 2000 495 2078 AYM
529 2000 588 2077 cui
621 2000 774 2078 maximi
792 2080 795 2087 ,
810 1999 1004 2080 minimire
1035 2003 1255 2103 proprietas
1288 2002 1478 2099 quaedam
1511 2005 1724 2098 conveniat,

144 2144 227 2207 tum
259 2129 394 2208 eadem
427 2128 644 2230 proprietas
678 2128 718 2204 in
752 2127 865 2205 aliam
897 2153 1164 2230 quamcunque
1189 2151 1348 2206 curvam
1374 2128 1586 2229 proximam
1610 2133 1727 2230 Aym

142 2255 260 2334 etiarn
300 2255 339 2331 iu
381 2255 456 2332 alio
497 2255 619 2333 lineae
659 2256 747 2332 CD
788 2278 931 2356 puncto
971 2282 1013 2332 m
1054 2256 1296 2332 terminatam
1341 2280 1461 2355 aeque
1505 2270 1726 2357 competere

144 2384 279 2475 debet,
325 2382 457 2482 sicque
498 2407 569 2482 pro
610 2381 741 2458 ultimo
782 2408 922 2461 curvae
963 2382 1159 2483 quaesitae
1193 2394 1336 2483 puncto
1368 2381 1416 2459 M
1448 2394 1526 2459 tam
1560 2383 1727 2463 abscissa

143 2509 221 2586 Ar
253 2534 367 2608 quam
401 2509 595 2609 applicata
626 2510 719 2585 PM
754 2509 1008 2589 variationem
1040 2509 1216 2610 recipere
1249 2526 1308 2585 est
1342 2510 1554 2603 censenda,
1588 2523 1627 2588 et
1659 2515 1726 2586 hu·

138 2637 310 2740 jusmodi
350 2636 522 2735 quidem,
570 2661 669 2736 quae
709 2644 870 2715 naturae
911 2638 1036 2715 lineae
1078 2639 1163 2714 CD
1202 2637 1251 2713 sit
1283 2648 1556 2715 consentanea.
1639 2638 1726 2734 Quo

143 2762 261 2868 igitur
300 2763 469 2842 calculus
511 2764 567 2841 ad
601 2766 715 2841 talem
753 2764 1009 2843 variationem
1048 2739 1179 2842 ultimo
1212 2764 1400 2842 elemento
1434 2763 1630 2840 inductam
1661 2788 1727 2841 ac·
1806 2844 1807 2848 ,

147 2890 387 2970 commodari
419 2907 551 2990 queat,
586 2890 740 2969 omnino
775 2916 934 2971 necesse
968 2906 1046 2985 est,
1088 2901 1133 2967 ut
1162 2916 1249 2991 pro.
1257 2891 1423 2992 singulis
1458 2915 1598 2967 curvae
1632 2892 1728 2968 ΑΜ

144 3019 299 3122 punctis
338 3019 571 3095 intermediis
611 3020 645 3092 Y
688 3019 975 3118 generalissime
1016 3030 1095 3095 tam
1134 3016 1328 3094 abscissae
1361 3017 1572 3095 AX::m
1613 3042 1726 3116 quam
1807 3116 1810 3122 .

84 3146 365 3247 applicatae
398 3145 438 3221 X
452 3147 562 3225 Y
503 3170 562 3184 ···
577 3169 606 3244 y
638 3144 868 3222 variationes
901 3147 1117 3224 tribuantur
1149 3168 1417 3246 quaecunque,
1457 3143 1629 3240 illiusque
1662 3167 1728 3218 va·

147 3272 258 3378 riatio
290 3284 478 3351 statuatur
509 3273 698 3374 particula
731 3271 818 3350 Xar
851 3272 960 3375 hujus
993 3294 1167 3350 vero:
1181 3294 1256 3369 my
1277 3272 1449 3364 -XY,
1483 3294 1530 3345 en
1563 3295 1638 3367 quo
1672 3271 1728 3346 in·

149 3370 259 3478 doles
291 3399 475 3499 simulque
507 3423 598 3478 usus
638 3399 853 3502 hujusmodi
893 3399 1053 3502 duplicis
1085 3397 1306 3476 variationis
1340 3397 1548 3477 clarissime
1580 3398 1729 3498 perspi·

148 3526 258 3608 cino.

574 3958 577 3965 ⁵
746 3849 1025 3928 senonen
1087 3795 1133 3926 a.
1238 3867 1241 3874 ·

315 4056 383 4122 11².
450 4046 784 4139 Quemadmodum
826 4044 1086 4123 consideratio.
1121 4040 1240 4118 ultimi
1279 4042 1411 4142 puncti
1433 4060 1594 4115 curvae
1626 4037 1731 4113 inve·

147 4165 352 4274 stigandae
383 4174 496 4249 nobis
529 4179 628 4252 hanc
661 4175 847 4275 insignem
882 4171 1191 4250 dilucidationem
1222 4167 1498 4270 suppeditavit,
1531 4165 1589 4240 ita
1617 4164 1732 4241 etiam

150 4301 311 4377 subinde
352 4301 475 4401 primo
514 4315 659 4401 puncto
701 4301 954 4378 variationem
995 4299 1108 4376 tribui
1151 4308 1319 4397 oportet.
1398 4290 1526 4370 Veluti
1564 4291 1595 4369 si
1634 4291 1731 4368 inter

153 4428 288 4505 omncs
321 4427 463 4522 lineas,
511 4452 607 4526 quas
649 4453 673 4504 a
713 4429 802 4502 data
844 4428 1009 4526 quadam
1049 4446 1168 4502 curra
1200 4426 1276 4501 AB
1309 4423 1361 4498 ad
1394 4421 1518 4497 aliam·
1536 4419 1732 4519 qnondam

149 4552 281 4632 itidem
318 4557 448 4631 datam
489 4559 574 4633 CD
612 4558 754 4636 ductas
789 4554 995 4656 concipere
1035 4556 1123 4630 licet
1164 4576 1210 4629 ea
1251 4551 1298 4628 sit
1339 4549 1578 4648 quaerenda
1631 4569 1732 4642 quac

215 4681 298 4759 llol.
333 4682 405 4760 111
1352 4685 1404 4758 49
