4260 5686
905 444 1125 554 caffu'r
1173 451 1241 554 'u

806 667 1212 747 Corollarium
1285 680 1323 746 2.

445 848 545 921 138.
611 843 770 922 Etiamsi
805 844 865 920 hic
901 844 1172 935 conditionum,
1206 848 1302 940 qliae
1336 841 1434 917 forte
1468 866 1541 940 pro
1575 843 1680 919 initio
1716 859 1754 922 et
1790 849 1859 923 fine

277 966 543 1070 integrationis
573 983 855 1070 proponantur,
889 971 1057 1047 nondum
1091 969 1190 1046 ratio
1224 969 1404 1062 babetur,
1442 981 1572 1045 tamen
1606 990 1653 1046 ea
1682 970 1768 1073 jam
1802 999 1861 1048 oc·

277 1093 377 1172 culte
408 1094 447 1170 in
482 1097 669 1174 calculum
705 1098 943 1199 ingreditur,
977 1096 1067 1194 quia·
1098 1095 1247 1173 litterae
1280 1094 1300 1170 1
1334 1107 1373 1171 et
1405 1096 1437 1171 A
1472 1095 1656 1175 terminos
1693 1098 1862 1200 integra·

275 1218 389 1297 tionis
422 1220 641 1322 respiciunt.
708 1223 867 1303 Interim
899 1237 1031 1299 tamen
1066 1244 1137 1299 eae
1184 1222 1222 1298 in
1255 1223 1341 1321 ipsa
1372 1221 1644 1321 aequationuur
1678 1222 1862 1303 differes·

275 1344 418 1429 tialium
452 1350 686 1427 tractatione
719 1353 856 1428 iterum
888 1372 937 1427 ea
963 1349 1110 1426 calculo
1143 1349 1404 1451 expelluntur3
1437 1351 1526 1427 dum
1558 1350 1664 1431 enirn
1698 1351 1860 1431 formula

274 1471 473 1576 integralis
496 1476 732 1574 sbble
766 1476 935 1568 eliditur,
967 1477 1076 1555 simul
1108 1476 1301 1576 quantitas
1334 1488 1516 1554 constans
1549 1476 1825 1579 degreditur.

807 1695 1215 1815 Corollarium
1284 1704 1324 1772 3.

439 1869 540 1947 1³9.
607 1864 804 1967 Expeditis
844 1875 975 1945 autem
1015 1864 1307 1966 aequatiouibus
1349 1865 1406 1943 hia
1440 1864 1587 1943 duabus
1621 1864 1855 1941 differentia·

274 1991 382 2083 libus,
415 1989 528 2090 idque
561 1992 874 2095 generalissime,
923 2005 967 2068 ut
996 1990 1157 2071 totidem
1190 1979 1411 2072 constantes
1445 1991 1674 2070 arbitrariae
1705 1992 1747 2066 in
1782 1991 1856 2068 eal·

272 2118 398 2195 culum
430 2117 682 2216 invehantur,
728 2132 825 2221 quot
855 2120 1127 2223 integrationes
1159 2118 1299 2197 institui
1339 2118 1539 2219 oportuit,
1589 2130 1669 2193 turn
1704 2118 1857 2194 demun

271 2245 321 2320 ad
363 2243 603 2326 conditiones
643 2244 840 2348 utriusque
885 2246 1037 2327 termini
1083 2243 1350 2348 integrationis
1400 2246 1587 2323 formulae
1612 2237 1751 2343 Jde
1799 2258 1855 2322 est

272 2371 575 2469 attendendum,
625 2368 934 2473 quandoquidem
973 2372 1065 2451 ltine
1116 2396 1165 2453 ex
1213 2370 1368 2472 reliquis
1416 2371 1638 2450 variationis
1673 2372 1854 2450 membris

270 2497 451 2576 absolutis
485 2498 573 2577 illae
607 2512 828 2583 constantes
859 2499 1109 2581 determinari
1139 2499 1295 2579 debent.

915 2711 1219 2798 Scholion.
1325 2778 1349 2812 ‚

437 2886 539 2954 140.
609 2882 751 2961 solutio
793 2886 904 2989 hujus
944 2883 1197 2982 problematis
1239 2884 1294 2961 ita
1333 2896 1391 2964 est
1431 2893 1660 2982 comparata
1697 2906 1744 2960 ur
1770 2885 1851 2987 jan

268 3002 361 3079 satis
393 3003 442 3080 sit
474 3007 747 3107 perspicuum,
795 3011 1117 3109 quemadmodum
1159 3012 1275 3088 etiam
1316 3010 1496 3087 formulas
1528 3008 1653 3115 magia
1689 3010 1849 3112 compli-

268 3141 389 3222 catas,
422 3131 540 3209 veluti
572 3132 604 3211 si
638 3135 782 3213 funotio
815 3126 1012 3267 Vfflures
1045 3136 1228 3217 formulas
1263 3137 1470 3239 integrales
1502 3134 1690 3231 involvat,
1725 3138 1788 3214 vel
1820 3137 1853 3214 si

267 3279 421 3357 quoque
451 3251 500 3349 93
532 3259 717 3343 formulas
747 3286 869 3343 noras
900 3262 1109 3366 integrales
1141 3265 1421 3369 complectatur
1439 3296 1463 3356 ,·
1502 3263 1675 3364 expediri
1707 3285 1852 3343 eonve-

265 3383 356 3468 aiat
425 3384 677 3485 Quinetiam
708 3415 810 3471 nuno
841 3391 1208 3485 coemendarum,
1252 3392 1285 3470 si
1318 3388 1535 3494 huJuamodi
1576 3389 1764 3471 formulae
1794 3389 1854 3466 in·

267 3511 438 3611 tegrales
471 3513 602 3609 plures
636 3517 757 3594 tribus
790 3517 994 3596 variabiles
1027 3517 1280 3622 contineant,
1326 3520 1518 3621 quomodo
1557 3526 1639 3599 tun
1667 3513 1854 3595 variatio·

266 3655 336 3709 nes
368 3635 529 3712 inveniri
562 3655 768 3741 oporteat,
818 3659 932 3745 atque
964 3646 1063 3722 adeo
1103 3670 1181 3723 non
1220 3646 1344 3724 solum
1376 3642 1591 3724 taediosum
1631 3645 1700 3722 sed
1733 3640 1853 3721 etiarn

266 3763 505 3861 superfluum
536 3765 637 3844 soret
670 3768 702 3845 ai
734 3770 930 3871 copiosius
959 3775 1039 3849 boo
1069 3790 1334 3875 argumentum
1365 3770 1546 3872 persequi
1578 3770 1731 3847 vellem.
1790 3770 1855 3846 Ad

264 3896 417 3988 partem
458 3887 572 3996 igitur
612 3895 722 4001 hujus
762 3897 960 3977 doctrinae
1007 3898 1170 3981 alteram
1208 3901 1329 3977 multo
1372 3897 1644 3979 abstrusiorem
1682 3919 1853 4000 progre-

264 4011 363 4110 dior,
395 4014 461 4093 ubi
494 4019 610 4123 etism
643 4021 891 4103 relationibus
927 4023 1027 4104 inter
1058 4022 1263 4112 variabiles
1295 4021 1511 4104 constitutis
1534 4024 1634 4100 duae
1666 4026 1857 4125 pluresve

264 4164 363 4224 ase
395 4140 559 4229 invicem
592 4148 746 4232 minime
778 4151 994 4254 pendentes
1025 4153 1064 4233 in
1097 4152 1246 4237 calculo
1277 4152 1552 4251 relinquuntur.

761 4449 1349 4481 Ἣ
